1893 3155
235 413 398 446 summo
419 403 558 444 officio
588 403 803 454 (quoniam
824 402 1012 453 perfecta
1031 402 1169 443 virtus
1198 400 1291 441 sine
1310 398 1383 440 illa
1405 399 1696 440 convenientia

235 480 278 524 et
297 482 531 524 constantia
562 493 656 522 esse
676 492 758 523 non
789 482 986 534 poterit),
1020 484 1160 521 tamen
1181 489 1256 530 pro
1284 474 1487 530 principio
1508 489 1557 519 ae
1580 479 1697 519 sonte

235 561 464 603 officiorum
494 560 675 612 positum
705 571 853 612 parum
885 560 1077 602 sufficere
1105 562 1316 609 repertum
1349 562 1436 617 est5
1470 559 1620 609 quippe
1641 569 1695 599 ex

235 651 317 693 quo
347 641 573 682 officiorum
610 642 899 691 virtutumque
929 639 1047 690 copia
1074 641 1114 679 et
1147 639 1329 679 varietas
1358 639 1453 679 duci
1494 642 1689 689 nequeat.

235 718 335 763 Sola
362 721 472 762 enim
501 723 549 762 ut
575 720 634 760 ita
666 720 798 760 dicam
830 719 965 760 forma
995 719 1203 762 actionum
1236 719 1482 770 attingitur,
1519 720 1693 760 materia

235 810 318 842 non
339 783 577 851 attingitur.
621 797 780 865 Quodsi
801 785 1070 840 nihilominus
1093 795 1225 840 Stoici
1245 799 1353 848 quod
1375 809 1503 850 supra
1524 799 1692 840 demon-

235 879 464 920 stravimus
485 879 611 918 etiam
631 878 676 918 in
696 878 936 927 perfectiori
958 878 1118 918 ethicae
1138 878 1438 927 compositione
1458 878 1692 918 breviorem

234 958 457 1000 formulam
477 958 742 998 retinuerunt
754 987 766 1007 ,
797 959 887 996 toto
907 956 1150 1007 disciplinae
1171 966 1365 998 connexu
1394 957 1500 998 satis
1520 960 1691 999 cautum

234 1039 327 1079 erat
354 1047 407 1078 ne
437 1036 531 1086 quis
563 1045 655 1076 eam
684 1035 733 1075 ad
762 1035 1068 1085 improbitatem
1099 1036 1291 1077 tuendam
1326 1035 1690 1088 interpretaretur,

235 1117 343 1158 idem
372 1118 510 1156 autem
547 1114 652 1155 nihil
678 1114 917 1164 relinquere
949 1114 1118 1155 videtur
1147 1115 1255 1164 quod
1286 1115 1505 1165 prohibere
1542 1117 1690 1168 possit,

235 1196 458 1247 quominus
479 1194 698 1235 credamus
715 1191 909 1244 Stobae0,
935 1191 1147 1234 Zenonem
1168 1195 1209 1234 in
1228 1194 1307 1234 hae
1328 1195 1509 1236 formula
1524 1197 1693 1246 acquie-

234 1276 364 1317 visse.
417 1263 570 1316 Annon
592 1273 759 1324 saepius
790 1273 831 1314 in
854 1273 1026 1314 historia
1047 1273 1330 1324 philosophiae
1350 1275 1596 1325 praesertim
1618 1286 1691 1317 au-

233 1355 376 1405 tiquae
403 1353 594 1394 videmus
625 1352 886 1392 definitiones
914 1362 996 1392 non
1028 1353 1169 1392 statim
1200 1363 1225 1392 a
1252 1354 1385 1403 primo
1417 1351 1589 1396 auctore
1619 1357 1693 1395 sed

233 1432 533 1484 discipulorum
563 1431 755 1471 acumine
787 1430 893 1470 satis
922 1430 1117 1471 distincte
1157 1432 1358 1473 formari?
1406 1432 1546 1484 Atque
1575 1432 1692 1475 Zeno

235 1514 417 1554 fortasse
446 1510 615 1550 omnino
645 1509 781 1559 magis
809 1510 938 1549 animi
965 1510 1123 1550 virtute
1156 1520 1278 1560 quam
1313 1513 1525 1553 doctrinae
1556 1514 1693 1554 erudi-

233 1593 349 1634 tione
376 1588 520 1632 Stoam
562 1589 767 1640 condidit,
812 1589 1043 1629 doctrinam
1082 1590 1242 1639 primus
1281 1592 1508 1642 perfecisse
1538 1595 1581 1633 et
1620 1603 1694 1633 ex-

232 1669 444 1712 struxisse
483 1668 534 1707 ah
563 1668 756 1708 omnihus
788 1667 969 1708 traditur
997 1665 1285 1722 Chrysippus,
1326 1671 1434 1720 quod
1465 1671 1516 1711 de
1553 1671 1693 1712 ethica

235 1749 479 1790 nominatim
501 1748 602 1787 dicit
622 1745 747 1798 Diog.
771 1745 914 1788 Laert.
939 1752 976 1799 ς.
1001 1747 1069 1789 84.
1116 1747 1264 1800 Itaque
1280 1751 1369 1801 Jam
1392 1751 1442 1791 ad
1463 1750 1692 1801 pleniorem

234 1828 482 1870 sententiam
504 1827 790 1877 explicandam
811 1827 1139 1879 progrediamur.

904 2095 939 2142 g.
972 2090 1013 2131 4.

347 2222 465 2277 Quod
490 2220 695 2264 Stobaeus
717 2224 744 2263 l.
771 2224 797 2263 l.
833 2234 855 2263 a
883 2225 1016 2275 primo
1039 2222 1241 2266 Cleanthe
1272 2227 1340 2276 qui
1368 2230 1588 2278 proximus
1611 2229 1692 2272 Ze-

231 2305 353 2346 nonis
375 2306 532 2343 sectam
554 2304 765 2353 exciperet
785 2314 860 2353 pro
883 2304 963 2343 tine
983 2305 1164 2354 positum
1188 2316 1282 2346 esse
1304 2308 1448 2357 refert,
1481 2306 1533 2349 τὸ
1556 2307 1692 2366 φύσει

232 2377 598 2437 ὁμολογουμένως
618 2381 706 2438 ζῆν,
729 2382 769 2422 id
792 2383 829 2422 si
850 2392 932 2423 non
949 2383 1037 2432 jam
1056 2383 1169 2433 apud'
1185 2384 1321 2434 ipsum
1339 2383 1554 2428 Zenonem
1576 2391 1691 2429 certe

230 2444 338 2512 apud
359 2460 612 2510 posteriores
633 2471 722 2499 eam
746 2461 990 2510 dignitatem
1023 2466 1264 2503 assecutum
1288 2467 1375 2514 est,
1409 2468 1457 2504 ut
1481 2476 1556 2515 pro
1577 2477 1689 2507 comn

201 2555 211 2564 ·
231 2539 346 2582 muni
386 2538 569 2579 omnium
602 2535 840 2579 Stoicorum
879 2535 1086 2581 sententia
1125 2542 1364 2584 haberetur.
1418 2542 1577 2586 Seneca
1617 2547 1690 2597 qui

233 2620 356 2671 epist.
389 2616 447 2660 20
477 2617 720 2668 sapientiam
763 2627 857 2659 esse
887 2620 988 2660 dicit
1014 2630 1180 2672 semper
1207 2622 1314 2663 idem
1346 2623 1454 2664 velle
1483 2635 1533 2665 ac
1561 2626 1687 2678 nolle,

234 2700 342 2740 idem
365 2699 415 2739 de
436 2698 524 2738 vita
543 2698 663 2738 beata
690 2708 727 2737 c.
753 2697 802 2738 3:
839 2700 982 2749 „quod
1004 2700 1116 2742 inter
1136 2711 1296 2753 omnes,
1328 2704 1488 2754 inquit,
1523 2701 1692 2747 Stoicos

235 2778 455 2827 convenit,
490 2784 629 2817 rerum
662 2778 835 2818 naturae
863 2780 1086 2822 assentior.
1144 2780 1209 2825 Ah
1238 2782 1305 2823 illa
1328 2793 1411 2824 non
1434 2783 1629 2827 deerrare
1651 2789 1693 2827 et
