1893 3155
23 2033 51 2094 ³3}
113 2057 137 2084 n

740 210 1286 281 ——qffli—-q

157 331 164 336 „
189 332 203 359 ⁸
253 346 307 393 ad
327 336 455 393 'beate
486 348 689 393 misereve
718 351 942 404 vivendum
972 342 1284 402 aiiquid'tamen
1307 359 1391 401 quo
1411 348 1630 390 differrent
1649 348 1710 390 in-

251 430 415 488 teresse
434 430 657 474 voluerunt
677 434 724 474 ut
744 421 1045 475 essenteor-um
1067 432 1146 473 alia
1164 430 1436 473 aestimabilia
1458 430 1542 472 alia
1561 431 1711 472 contra

250 510 334 552 alla
357 490 611 555 ‘neutrumf‘
685 511 793 556 Vide
823 523 979 574 quaeso
1009 515 1209 564 quantum
1249 511 1498 553 concedant:
1540 510 1626 553 nisi
1653 520 1709 553 ex

252 591 331 632 hac
359 601 501 633 rerum
523 592 757 633 differentia
787 603 870 634 non
899 593 1086 643 potuisse
1107 593 1237 633 ullum
1269 593 1449 633 inveniri
1478 591 1709 642 sapientiae

214 714 217 717 ,
249 660 403 712 munus
431 673 504 713 aut
534 681 654 722 opus.
716 670 1001 714 Nihilominus
1039 672 1143 713 alias
1178 682 1226 712 ea
1257 682 1364 723 quae
1393 672 1505 713 circa
1544 671 1707 712 indiffe-

249 751 384 791 rentia
413 760 437 791 a
460 733 646 802 sapiente
673 754 855 803 agantur
875 762 899 792 a
920 752 1153 793 sublimiori
1182 753 1392 793 actionum
1412 761 1567 802 genere
1588 761 1707 802 sepa-

248 831 335 872 rari
372 831 581 873 videntur.
646 829 764 885 Quae
797 832 841 872 in
881 832 1006 882 rebus
1046 832 1272 883 seligendis
1312 831 1608 883 rejiciendisve
1646 831 1706 881 ita

249 913 445 961 agantur,
478 913 526 951 ut
546 911 643 951 facti
666 912 773 951 ratio
794 911 909 952 reddi
930 912 1064 961 possit
1083 912 1322 962 probabilis,
1347 922 1395 951 ea
1416 910 1467 950 ad
1489 911 1707 961 angustio-

249 997 337 1029 rem
359 989 549 1030 vocabuli
571 990 957 1039 interpretationem
977 993 1183 1030 vocantur
1201 986 1459 1046 καθήκοντα
1480 992 1524 1030 et
1541 991 1707 1040 proprie

249 1068 384 1109 media
414 1066 523 1122 (Cic.
549 1069 580 1109 l.
604 1069 629 1109 l.
663 1079 752 1120 cap.
780 1067 832 1110 17
854 1072 896 1109 et
919 1067 1006 1123 18).
1070 1066 1319 1120 Seliguntur
1348 1071 1395 1109 ut
1414 1069 1520 1110 satis
1541 1070 1707 1120 pervul-

247 1128 395 1200 gatunl
421 1144 478 1190 τὰ
504 1144 784 1206 προηγμένα,
825 1149 1079 1199 rejiciuntur
1104 1144 1160 1189 τὰ
1188 1142 1553 1205 ἀποπροηγμένα.
1612 1145 1707 1190 Jam

248 1236 350 1269 vero
371 1228 407 1268 si
435 1231 601 1278 praeter
628 1228 734 1268 banc
756 1228 1031 1269 differentiam
1060 1228 1201 1268 nullus
1233 1228 1465 1278 sapientiae
1494 1228 1545 1268 ad
1576 1238 1706 1280 agen-

249 1307 350 1348 dum·
376 1317 546 1359 campus
566 1308 793 1357 invenitur,
828 1317 935 1357 quae
954 1306 1120 1348 tandem
1141 1306 1302 1357 reliqua
1323 1310 1424 1348 sunt
1443 1308 1575 1348 officia
1598 1318 1706 1359 quae

247 1382 598 1443 κατορθώματαη
617 1386 903 1437 appellentur?
946 1383 1176 1436 Stobaeus,
1220 1396 1261 1436 p.
1297 1384 1380 1428 158
1418 1383 1471 1428 τὸ
1503 1389 1706 1445 καθῆκον

249 1466 417 1507 omnino
439 1466 581 1506 definit
610 1461 662 1507 τὸ
684 1460 939 1508 ἀκόλουθον
971 1464 1284 1521 (convenienter
1304 1466 1480 1519 factum)
1504 1463 1549 1507 ἕν
1571 1467 1659 1525 ζωῇ
1680 1461 1706 1508 ὃ

249 1543 456 1603 πραχθὲν
483 1539 665 1602 εὔλογον
694 1540 945 1602 ἀπολογίαν
974 1541 1085 1599 ἶς’χει·
1123 1546 1256 1588 τοῦτο
1288 1543 1338 1588 δὲ
1367 1542 1604 1588 διατείνειν
1631 1562 1709 1589 και

249 1620 316 1679 εἷς
334 1621 390 1668 τὰ
412 1619 553 1682 ὄῖλογα
573 1627 661 1667 τῶν
688 1621 830 1680 ζώων,
862 1622 1027 1682 ἐνεργεῖ
1054 1621 1135 1681 γάρ
1165 1640 1209 1666 τι
1229 1620 1411 1667 κάκεῖνα
1442 1620 1708 1676 ἀκολούθως

248 1707 303 1762 τῇ
322 1700 491 1747 ἑαυτῶν
522 1702 669 1762 φύσει.
719 1702 812 1746 Jam
839 1715 938 1746 vero
968 1706 1057 1745 τῶν
1084 1701 1372 1759 καθηκόντων
1402 1701 1458 1745 τὰ
1486 1702 1568 1757 μὲν
1588 1698 1707 1747 εἷναί

250 1797 365 1842 φασι
394 1780 542 1826 τέλεια
572 1777 601 1824 ἃ
630 1780 683 1840 δὴ
712 1780 790 1824 καὶ
819 1780 1153 1840 κατορθώματα
1193 1780 1704 1841 λέγεσθαι·,κατορθώ-

248 1877 369 1917 ματα
401 1858 446 1904 δ’
469 1855 584 1903 εἶναι
613 1857 669 1903 τὰ
689 1856 783 1903 κατ’
807 1856 962 1919 ἀρετὴν
997 1859 1265 1919 ἐνεργήματα
1297 1853 1394 1903 οἷον
1423 1858 1474 1903 τὸ
1506 1864 1701 1921 φρονεῖν,

247 1938 299 1984 τὸ
321 1941 680 1998 δικαιοπραγεῖν·
713 1936 793 1982 οὐκ
822 1934 937 1982 εἶναι
958 1938 1008 1983 δὲ
1036 1938 1369 1998 κατορθώματα
1401 1938 1456 1983 τὰ
1483 1939 1542 2000 μὴ
1564 1939 1706 1993 οὕτως

250 2017 406 2076 ἔχοντα
428 2016 457 2063 ἃ
488 2017 541 2079 δὴ
572 2015 678 2076 οὐδὲ
706 2017 854 2070 τέλεια
884 2017 1140 2078 καθήκοντα
1170 2019 1572 2078 προςαγορεύουσιν
1592 2017 1706 2065 ἀλλὰ

246 2099 363 2156 μέσα
394 2093 491 2143 οἷον
517 2098 570 2143 τὸ
601 2101 779 2156 γαμεῖν,
811 2097 863 2141 τὸ
892 2098 1176 2157 πρεσβεύειν,
1219 2098 1271 2142 τὸ
1300 2099 1612 2156 διαλέγεσθαι,
1650 2100 1706 2145 τὰ

248 2177 426 2230 τούτοις
446 2176 594 2233 ὅμοια.
629 2176 763 2232 ‘Quae
784 2179 820 2219 si
841 2181 1036 2219 accurate
1056 2179 1349 2219 examinantur
1368 2183 1540 2230 apparet
1560 2182 1704 2222 eadem

249 2259 384 2300 officia
411 2261 618 2308 quatenus
652 2260 813 2297 tantum
844 2267 939 2297 cum
970 2257 1171 2307 probabili
1201 2258 1363 2298 ratione
1391 2237 1573 2308 agantur
1593 2261 1703 2301 nude

248 2339 389 2381 officia
418 2338 575 2389 haberi,
608 2339 722 2378 recte
743 2337 948 2378 sactorum
981 2338 1224 2388 dignitatem
1255 2338 1423 2388 assequi
1451 2348 1578 2388 quum
1606 2349 1702 2390 pro-

248 2418 492 2460 ficiscantur
520 2427 545 2457 a
573 2416 781 2457 constanti
809 2416 1024 2457 voluntate
1052 2417 1267 2466 sapientis.
1321 2414 1432 2458 Mira
1460 2428 1508 2457 ac
1536 2419 1703 2470 proprie

250 2497 431 2539 absurda
460 2496 641 2537 durItate
679 2496 872 2547 singulae
912 2496 1100 2536 actiones
1139 2506 1213 2547 per
1253 2497 1305 2537 sev
1328 2500 1539 2547 spectatae
1566 2498 1701 2540 veluti

249 2574 300 2621 τὸ
328 2577 484 2635 γαμεῖν
515 2576 735 2617 inferiores
761 2575 966 2617 habentur
991 2575 1181 2627 genarali
1208 2577 1359 2627 agendi
1386 2577 1549 2618 ratione
1578 2588 1702 2628 quam

249 2660 390 2711 potius
411 2661 532 2710 putes
552 2657 595 2698 vi
616 2667 693 2698 sua
713 2658 755 2697 et
775 2656 1017 2697 efficacitate
1044 2656 1210 2708 singula
1232 2667 1419 2708 quaeque
1440 2658 1705 2700 conformare

252 2739 416 2790 debere,
442 2739 506 2779 sin
529 2737 666 2778 minus
689 2736 855 2777 omnino
876 2745 958 2777 non
980 2736 1110 2777 cerni.

1396 2807 1422 2846 4
