1893 3155
3 861 34 904 st

64 379 110 453 (l

186 1125 215 1161 m

729 252 1200 297 *34—

220 364 959 426 sentmttmfplenein'telligendam.
990 373 1184 416 Naturae
1204 373 1507 415 convenienter
1525 369 1681 414 e‘Stoi-

222 462 368 496 eorum
389 456 598 496 sententia
619 456 737 497 vives
750 486 763 506 ‚
803 456 841 496 si
870 457 913 495 te
942 456 1077 495 totum
1107 455 1330 496 tradideris
1358 455 1403 495 in
1433 453 1563 503 hujus
1587 452 1679 493 uni-

219 533 334 594 versi
353 534 545 583 spiritum
566 537 609 575 et
627 535 838 585 ordinem,
872 535 910 575 si
930 534 1068 584 legem
1089 534 1340 575 mundanam
1368 534 1449 584 ipsi
1477 532 1556 573 tibi
1581 541 1678 582 pro-

220 612 590 663 positamduxeris
612 613 972 665 contemplandam
1000 615 1125 663 atque
1144 612 1404 663 imitandam,
1438 612 1475 653 si
1496 611 1677 661 denique

220 699 316 732 eum
335 692 407 742 qui
436 692 551 733 intus
582 694 625 734 in
647 696 689 733 te
707 696 775 734 est
794 693 915 733 deum
944 701 1074 733 unum
1097 692 1240 732 audies
1271 694 1312 732 et
1339 693 1582 732 constanter
1609 699 1676 730 se-

219 772 378 821 queris.
414 769 634 822 Ingentem
655 774 751 814 inde
772 774 1043 815 consiliorum
1065 773 1324 813 altitudinem
1344 772 1557 821 animique
1576 781 1675 811 con-

170 865 172 867 ·
221 850 429 892 fidentiam
453 853 623 895 senties.
677 850 925 905 Seneca-ep.
949 853 1027 896 48:
1064 854 1178 905 „hoc
1198 855 1263 893 est
1284 853 1390 903 quod
1419 852 1520 893 mihi
1541 851 1674 902 philo-

157 944 172 949 s
220 930 366 980 sophia
392 932 620 983 promittit,
654 936 703 973 ut
732 943 798 974 me
825 943 966 984 parem
997 933 1074 973 deo
1103 933 1255 983 raciat3
1295 932 1348 972 ad
1376 933 1454 973 hoc
1479 932 1673 972 initiatus

220 1019 339 1059 sum,
372 1011 423 1049 ad
449 1011 529 1049 hoc
556 1012 715 1062 veni;“
747 1021 812 1061 ep.
835 1010 892 1051 73
914 1015 1058 1051 censet
1088 1012 1167 1050 hoc
1194 1021 1279 1051 uno
1310 1011 1432 1050 deum
1461 1013 1676 1059 praestare

221 1088 400 1138 sapienti
429 1089 536 1138 quod
567 1089 724 1130 diutius
752 1090 887 1130 bonus
926 1090 1003 1140 sit,
1046 1090 1120 1129 illo
1157 1092 1298 1130 autem
1338 1089 1569 1139 sapientem
1598 1089 1676 1128 deo

220 1166 328 1216 quod
360 1167 462 1208 deus
493 1170 669 1208 naturae
702 1168 923 1219 beneficio,
956 1178 1039 1208 non
1070 1178 1146 1209 suo
1168 1152 1335 1217 sapiens
1364 1167 1434 1207 sit.
1485 1164 1676 1217 Denique

221 1255 285 1295 ep.
311 1244 361 1286 31
380 1263 390 1286 ι
418 1247 540 1298 „huc
556 1250 599 1287 et
619 1248 720 1288 illud
742 1248 913 1287 accedat
932 1250 980 1288 ut
999 1248 1182 1297 perfecta
1203 1248 1341 1288 virtus
1363 1247 1421 1287 sit
1441 1246 1674 1296 aequalitas

219 1333 269 1365 ac
289 1327 410 1366 tenor
429 1326 542 1367 vitae
570 1336 644 1377 per
672 1326 809 1366 omnia
829 1335 1065 1367 consonans
1096 1327 1176 1367 sibi
1198 1351 1252 1357 —
1274 1326 1351 1367 hoc
1373 1328 1438 1366 est
1466 1334 1674 1366 summum

220 1405 372 1444 bonum
392 1406 501 1454 quod
531 1406 569 1445 si
589 1415 768 1454 occupas
798 1406 948 1455 incipis
969 1406 1139 1445 deorum
1161 1416 1255 1445 esse
1275 1405 1440 1454 socius,
1474 1415 1555 1445 non
1576 1415 1675 1454 sup-

219 1483 332 1533 plex.
385 1481 604 1537 Quomodo
630 1484 771 1533 inquis
801 1485 883 1524 isto
913 1483 1156 1533 pervenitur
1184 1484 1203 1522 ¹?
1231 1508 1286 1513 —
1313 1486 1453 1524 tutum
1480 1484 1561 1523 iter
1590 1486 1671 1533 est,

217 1563 451 1613 jucundum
476 1566 543 1604 est
580 1563 632 1604 ad
662 1563 769 1613 quod
801 1566 952 1604 natura
984 1565 1027 1604 te
1056 1563 1277 1617 instruxit.
1337 1561 1463 1604 Dedit
1491 1563 1566 1603 tibi
1603 1562 1677 1603 illa

219 1652 327 1693 quae
347 1644 384 1684 si
407 1653 489 1684 non
512 1643 749 1684 deserueris
770 1635 845 1693 par
865 1644 942 1683 deo
964 1647 1171 1693 surges.“

335 1721 414 1763 His
445 1723 585 1763 verbis
614 1725 762 1772 sponte
792 1732 842 1762 eo
869 1722 1130 1762 traducimur
1159 1731 1240 1771 quo
1279 1722 1535 1771 pergendum
1576 1721 1672 1761 suit.

218 1799 288 1841 Ex
327 1802 527 1842 universa
567 1805 719 1842 natura
760 1801 1024 1842 considerata
1047 1782 1051 1784 “
1071 1801 1310 1841 necessario
1350 1801 1452 1841 oriri
1492 1800 1673 1841 vidi-us

220 1881 507 1936 quaestionem
529 1881 729 1930 alteram,
764 1890 984 1930 quemnam
1005 1880 1048 1920 in
1079 1880 1195 1920 illius
1227 1889 1421 1920 connexu
1446 1879 1590 1920 iocum
1612 1882 1674 1919 te-

221 1963 318 2002 neat
337 1963 379 2001 et
398 1960 719 2011 comprehendat
738 1960 937 2011 humana,
963 1960 1186 2001 universae
1205 1969 1303 2010 pars
1325 1969 1380 1999 ex
1399 1960 1492 2009 ipsa
1512 1959 1671 2010 genita.

219 2038 423 2081 Antonin.
447 2038 505 2091 II,
528 2039 580 2082 9:
614 2036 782 2081 τούτων
811 2034 883 2081 ἆεὶ
918 2038 988 2081 δεῖ
1018 2041 1277 2096 μεμνῆσθαι
1303 2034 1372 2089 τίς
1398 2034 1424 2096 ἡ
1449 2040 1536 2080 τῶν
1564 2035 1677 2080 ὅλων

222 2117 357 2178 φύσις
375 2118 453 2161 καὶ
472 2117 541 2169 τίς
562 2115 589 2176 ἡ
612 2115 706 2175 ε’μή,
739 2116 816 2159 καὶ
835 2121 935 2168 πῶς
955 2115 1065 2174 αὕτη
1086 2115 1201 2174 πρὸς
1230 2114 1397 2173 ἐκείνην
1418 2114 1580 2169 ἔχουσα
1600 2115 1678 2159 καὶ

221 2195 383 2242 ὁποῖόν
400 2214 446 2240 τι
466 2196 601 2254 μέρος
621 2192 784 2238 ὁποίου
806 2199 889 2239 τοῦ
910 2194 1015 2239 ὅλου
1039 2189 1151 2238 οὖσα
1176 2199 1218 2236 et
1238 2206 1332 2245 squ.

894 2462 931 2510 g.
965 2458 1006 2500 5.

337 2596 570 2638 Humanam
601 2597 740 2636 autem
768 2596 960 2635 naturam
989 2602 1119 2643 aeque
1148 2595 1274 2643 atque
1302 2593 1544 2633 universam
1563 2591 1674 2642 quod

222 2677 477 2728 praecipitur
505 2678 554 2717 ut
574 2683 820 2725 sequamur,
855 2674 897 2715 id
928 2674 965 2714 si
985 2673 1219 2724 proximam
1246 2675 1289 2713 et
1319 2672 1673 2723 promptissimam

223 2757 473 2799 sententiam
510 2755 769 2806 quaesiveris
801 2753 905 2795 nihil
945 2753 1059 2795 aliud
1097 2755 1163 2794 est
1200 2755 1326 2804 atque
1355 2752 1464 2803 quod
1504 2751 1677 2802 attingit
