1893 3155
680 230 1158 279 *Mt—.-

134 338 138 343 7
192 359 451 401 constituant
470 357 511 397 h.
536 365 573 395 e.
598 353 848 404 officiorum,
883 355 1106 405 virtutum,
1140 354 1342 395 bonorum
1364 353 1605 396 discrimina
1625 364 1650 395 a

192 437 347 479 Stoicis
377 435 568 483 misceri,
600 433 674 482 3011
698 434 830 475 etiam
860 434 1099 476 accuratius
1129 443 1170 483 p.
1195 431 1278 476 241
1313 436 1356 474 et
1385 443 1480 483 squ.
1504 433 1652 484 singu-

192 517 321 558 larem
360 523 467 565 quae
506 513 562 553 sit
601 513 802 556 bonorum
853 513 1035 555 notionis
1075 513 1370 563 proprietatem
1412 522 1560 564 parum
1599 513 1652 555 ab

191 596 337 635 iisdem
366 603 460 633 esse
487 594 770 643 perspectam
806 601 935 641 quum
964 592 1075 633 enlm
1104 592 1156 632 ab
1187 592 1240 632 iis
1271 591 1424 641 quibus
1454 592 1651 633 adversa-

190 677 337 716 rentur
357 674 396 714 h.
419 684 456 713 e.
482 672 710 722 voluptatis
732 672 919 722 patronis
940 672 1037 712 boni
1059 672 1174 713 notio
1197 673 1285 712 tota
1313 671 1357 712 in
1386 670 1650 721 singulorum

190 762 313 794 usum
333 752 401 794 vel
420 751 728 803 possessionem
750 750 1061 801 detraheretur,
1096 750 1205 791 idem
1227 751 1393 791 nescios
1414 751 1529 801 ipsos
1550 750 1649 801 quid

190 833 376 872 facerent
402 831 555 871 iecisse
583 828 773 879 Stoicos,
818 839 945 878 quum
975 832 1116 869 tamen
1154 830 1357 870 bonorum
1387 831 1600 870 notionem
1628 840 1651 869 e

189 911 453 961 singulorum
482 909 734 950 utilitatibus
755 909 805 950 ad
827 919 972 949 eorum
992 919 1098 959 quae
1128 909 1364 949 communia
1395 912 1495 949 sunt
1515 909 1651 959 digni-

189 992 318 1031 tatem
347 998 502 1040 augere
523 988 745 1041 deberent,
774 989 864 1040 jam
885 998 986 1030 vero
1008 998 1091 1030 11011
1113 987 1249 1031 solum
1271 987 1402 1030 multa
1421 987 1650 1039 voluptatis

189 1070 397 1111 elementa
416 1070 461 1109 111
482 1070 684 1114 bonorum
701 1069 964 1119 complexum
984 1069 1221 1120 admisisse,
1246 1068 1318 1109 sed
1335 1068 1462 1109 etiam
1482 1067 1651 1111 omnino

190 1159 266 1199 pro
287 1149 369 1189 nne
397 1149 601 1190 honorum
631 1148 734 1189 nihil
765 1150 903 1199 majus
924 1151 1144 1190 assecutos
1170 1158 1264 1190 esse
1284 1158 1410 1198 quam
1429 1148 1647 1192 virtutem.

190 1227 253 1267 Ac
282 1227 470 1276 profecto
490 1236 618 1276 quum
648 1237 700 1267 ex
730 1228 881 1267 aetatis
903 1237 985 1276 qua
1015 1228 1209 1268 viverent
1228 1227 1367 1267 indole
1397 1236 1480 1267 non
1510 1226 1651 1269 minus

189 1306 241 1346 ad
263 1302 428 1348 Stoicos
450 1315 575 1355 quam
596 1305 646 1345 ad
676 1306 861 1356 reliquas
882 1306 1219 1356 philosophorum
1250 1308 1389 1347 sectas
1410 1305 1489 1346 1100
1508 1314 1650 1349 mana-

190 1388 255 1426 ret
285 1388 332 1426 ut
352 1386 490 1426 omnia
513 1385 653 1427 solum
680 1386 890 1426 referrent
919 1386 970 1426 ad
1000 1386 1209 1426 hominem
1231 1386 1311 1426 sibi
1330 1370 1563 1435 viventem,
1598 1395 1651 1425 110

190 1465 344 1505 1101111111
374 1464 538 1514 quidem
575 1463 708 1504 ullum
746 1465 1000 1515 cogitatione
1032 1465 1215 1505 assecuti
1255 1467 1356 1505 sunt
1385 1464 1484 1515 quin
1521 1464 1650 1515 hujus

192 1546 307 1584 esset
325 1544 368 1583 in
389 1545 611 1592 potestate.
651 1540 770 1595 Quod
795 1544 831 1583 si
854 1544 960 1584 bona
981 1546 1029 1583 ut
1050 1546 1115 1583 031
1145 1544 1253 1593 apud
1274 1541 1499 1585 Stobaeum
1529 1554 1570 1593 p.
1593 1542 1651 1585 90

192 1623 483 1663 dividebantur
518 1622 560 1662 111
591 1623 771 1663 virtutes
800 1625 842 1663 et
871 1623 1056 1673 reliqua,
1096 1623 1199 1663 nihil
1236 1623 1400 1666 obstitit
1428 1624 1650 1674 quominus

190 1698 317 1750 τέλος
337 1701 403 1741 vel
423 1702 519 1741 nnis
540 1702 767 1752 virtutum,
801 1699 929 1751 τέλος
947 1704 1107 1744 πασῶν
1126 1703 1214 1743 τῶν
1234 1696 1403 1758 ἆρετιῦν
1435 1713 1501 1752 ap.
1527 1699 1645 1744 Stob.

189 1790 229 1829 p.
256 1778 339 1822 108
360 1781 427 1821 vel
456 1781 552 1821 finis
582 1782 787 1822 bonorum
818 1781 1040 1821 diceretur.
1105 1778 1227 1833 Quod
1256 1779 1531 1822 Petersenius
1560 1782 1591 1822 l.
1615 1782 1646 1823 1.

187 1870 227 1909 p.
252 1858 337 1901 274
357 1862 471 1902 recte
491 1860 551 1902 ita
572 1859 883 1911 comprehendit
912 1860 955 1899 in
976 1860 1147 1901 notione
1167 1856 1323 1909 τέλους
1342 1862 1385 1901 01
1404 1859 1648 1901 101101131οω

188 1940 231 1978 01
251 1938 585 1978 convenientiam
606 1938 827 1978 contineri.
1455 1918 1458 1919 ⁷

303 2015 371 2056 Ab
402 2017 588 2055 externis
617 2016 752 2065 igitur
780 2016 940 2055 ethicae
962 2013 1131 2056 Stoicae
1158 2016 1392 2056 rationibus
1423 2017 1649 2057 restituen-

189 2094 254 2135 dis
282 2094 541 2135 abstinentes
571 2094 842 2135 nihilominus
871 2094 913 2135 id
934 2093 1044 2144 quod
1071 2096 1248 2135 naturae
1270 2094 1569 2137 convenienter
1586 2095 1649 2136 vi-

187 2173 368 2214 vendum
397 2183 491 2213 esse
524 2182 600 2223 pro
631 2170 749 2214 τέλει
777 2175 1079 2223 praeceperunt
1108 2182 1232 2223 quem
1250 2173 1408 2214 ,10011111
1443 2182 1649 2224 quamque

186 2262 261 2304 per
279 2253 520 2295 interiorem
543 2253 788 2304 disciplinae
818 2262 1054 2294 connexum
1077 2253 1326 2303 dignitatem
1357 2253 1549 2296 babuerit
1571 2253 1648 2298 ali-

185 2335 392 2383 quatenus
430 2342 630 2383 apparere
667 2336 881 2383 putamus.
941 2331 1023 2373 Est
1060 2333 1164 2373 illud
1205 2335 1254 2373 ut
1293 2325 1420 2383 supra
1461 2333 1646 2374 diximus
1722 2385 1727 2389 ,

185 2413 427 2463 disciplinae
454 2413 615 2454 ethicae
638 2413 733 2454 sons
763 2415 805 2453 et
831 2412 1083 2463 principium
1105 2422 1238 2464 eaque
1263 2422 1339 2464 pro
1360 2413 1565 2464 dignitate
1583 2413 1644 2455 ita

183 2501 207 2532 3
237 2492 358 2533 1101113
388 2492 674 2542 enarrabitur,
719 2494 767 2532 ut
794 2501 870 2542 per
899 2494 1035 2533 totum
1065 2492 1287 2534 moralium
1316 2493 1645 2545 disputationum

182 2580 372 2621 campum
392 2573 486 2622 ejus
507 2572 591 2615 vim
614 2574 656 2612 et
676 2574 932 2616 momentum
953 2582 1270 2623 persequamur.
