1893 3155
696 290 1174 355 ——53—

237 402 253 419 ¹
324 407 556 451 Commune
584 411 685 451 illud
707 408 914 469 τὰφύσει
946 407 1311 468 ὁμολογουμένως
1339 411 1414 468 ζῆν
1434 409 1665 450 secundum

210 486 333 540 Diog.
366 487 418 531 L.
452 492 494 531 et
515 487 633 532 Stoi).
665 491 710 532 ll.
743 491 790 533 ll.
823 492 1083 543 interpretati
1114 495 1216 534 sunt
1242 490 1453 543 Diogenes
1483 487 1666 542 Babylo-

209 568 306 610 nius
323 585 339 610 τ
380 566 432 611 τὸ
464 565 733 627 εὐλογιστεῖν
763 568 808 613 ἐν
843 572 898 630 τῇ
925 572 1014 621 τῶν
1051 568 1164 613 κατὰ
1194 568 1329 631 φύσιν
1367 567 1525 629 ἐκλογῇ
1559 566 1665 624 (καὶ

208 642 434 706 ἆπεκλογῇ
453 674 509 680 -
530 648 735 692 Stobaeus
757 652 871 691 addit
888 675 946 682 —
964 652 1099 692 intell.
1122 645 1355 707 τῶνπαρὰ
1378 647 1556 708 φύσιν);
1580 649 1663 691 Ar-

207 728 452 771 chedemus:
486 727 539 772 τὸ
568 726 716 778 πάντα
736 728 791 774 τὰ
812 727 1069 789 καθήκοντα
1100 728 1389 774 ἐπιτελοῦντα
1411 730 1486 788 ζῆν
1495 747 1510 783 ,·
1541 728 1662 771 Anti-

205 810 324 860 pater
343 807 569 856 Tarsensis
590 813 719 865 (auct.
746 809 886 867 Stob.)
907 814 1022 853 tum:
1057 811 1131 869 ζῆν
1161 807 1469 867 ἐκλεγομένους
1495 806 1577 864 μὲν
1605 805 1662 851 τὰ

205 885 319 930 κατὰ
349 887 503 947 φύσιν,
540 884 918 947 ἅπεκλεγομένους
946 888 996 933 δὲ
1024 887 1079 933 τὰ
1108 887 1233 947 παρὰ
1263 884 1398 948 φύσιν
1428 889 1662 946 διηνεκῶς,-

205 970 317 1009 tum:
350 971 444 1010 πᾶν
462 966 514 1028 τρ
543 964 650 1011 καθ’
673 965 808 1012 αὑτὸν
835 971 987 1012 ποιεῖν
1017 969 1225 1027 διηνεκῶς
1254 968 1332 1011 καὶ
1356 963 1663 1025 ἆπαραβάτως

207 1044 323 1105 πρὸς
340 1044 392 1090 τὸ
413 1045 638 1104 τυγχάνειν
656 1050 744 1091 τῶν
763 1046 1108 1106 προηγουμένων·
1123 1050 1200 1100 <===
1219 1045 1524 1106 προηγμένων)
1547 1044 1662 1089 κατὰ

207 1125 352 1185 φύσιν.
404 1126 483 1167 Hic
504 1128 621 1168 vides
642 1114 774 1178 grave
793 1118 896 1168 illud
919 1129 1142 1167 discrimen
1164 1138 1246 1177 quo
1267 1138 1320 1167 ex
1341 1128 1514 1176 antiqua
1538 1127 1663 1167 disci-

204 1191 318 1258 plina
344 1207 505 1258 primae
534 1210 711 1248 naturae
748 1207 1061 1248 conciliationes
1089 1207 1140 1247 ab
1179 1206 1368 1247 honestis
1408 1206 1658 1259 actionibus,

203 1284 438 1337 praeposita
469 1297 495 1327 a
523 1287 668 1339 honis,
703 1288 837 1328 officia
856 1297 881 1328 a
901 1290 1015 1329 recte
1036 1287 1160 1328 factis
1191 1288 1378 1338 separari
1408 1287 1657 1337 reperimus,

208 1366 384 1407 fractum
416 1369 457 1407 et
486 1367 688 1420 deletum3
723 1377 911 1418 quaeque
938 1370 1061 1408 antea
1089 1370 1287 1418 tanquam
1319 1366 1505 1407 accessio
1533 1376 1659 1417 quae-

205 1446 297 1487 dam
320 1447 547 1496 sapientiae
577 1450 891 1498 annecteretur‚
924 1448 1094 1488 selectio
1117 1449 1159 1487 et
1178 1447 1374 1496 rejectio,
1409 1457 1458 1487 ea
1474 1449 1562 1497 jam
1584 1456 1659 1497 pro

204 1526 296 1575 ipso
317 1528 360 1567 et
379 1526 503 1565 unico
534 1525 762 1575 sapientiae
781 1535 955 1567 munere
975 1526 1159 1576 ponitur.
1213 1521 1455 1575 Coegerunt
1473 1526 1659 1565 rationes

205 1604 473 1656 dialecticae3
521 1615 663 1646 veram
706 1603 948 1655 disciplinae
986 1606 1237 1656 gravitatem
1277 1604 1547 1665 nihilominus
1589 1605 1661 1654 qui

205 1685 446 1725 examinare
466 1684 569 1725 velit
589 1685 650 1725 sic
671 1684 892 1726 admodum
913 1685 1086 1725 diminui
1106 1685 1303 1736 reperiat.

320 1762 458 1814 Atque
478 1764 555 1804 hoc
575 1764 665 1803 loco
686 1767 857 1813 apparet
877 1765 984 1814 quod
1007 1774 1133 1814 supra
1154 1764 1390 1805 notavimus
1412 1760 1659 1804 Ciceronem

203 1844 487 1894 antiquiorem
519 1843 765 1884 sententiam
796 1854 819 1883 e
848 1844 1125 1893 posteriorum
1156 1844 1318 1884 ratione
1338 1843 1659 1894 interpretatum

203 1933 313 1971 esse.
365 1920 484 1962 Illam
505 1922 614 1962 enim
635 1931 780 1962 severa
810 1922 974 1962 honesti
995 1925 1039 1970 et
1058 1922 1288 1963 officiorum
1309 1922 1576 1962 distinctione
1596 1923 1659 1962 in-

204 2004 366 2054 signem
397 2012 524 2053 quum
553 2003 597 2043 in
626 2003 758 2053 prima
790 2003 1083 2052 disputationis
1113 2006 1232 2053 parte
1260 2003 1351 2053 ipse
1378 2002 1447 2043 vel
1477 2002 1662 2064 maxime

203 2082 375 2124 secutus
396 2084 511 2123 esset
531 2081 789 2133 dixissetque
810 2081 849 2137 §.
864 2080 919 2123 22
940 2082 1073 2123 officia
1093 2083 1257 2134 quidem
1279 2081 1418 2123 omnia
1440 2091 1490 2122 eo
1511 2081 1661 2123 referri

205 2165 254 2203 ut
282 2162 564 2212 adipiscamur
583 2162 784 2215 principia
811 2165 986 2202 naturae
1015 2172 1091 2201 nec
1119 2164 1258 2201 tamen
1279 2164 1327 2201 ut
1348 2162 1424 2201 hoc
1453 2162 1510 2201 sit
1537 2163 1665 2202 hono-

208 2251 302 2282 rum
320 2241 537 2291 ultimum,
572 2241 839 2282 nihilominus
870 2243 1012 2290 postea
1041 2240 1064 2295 ξ
1086 2237 1138 2280 31
1163 2238 1664 2291 Chrysippiinterpreta·

208 2320 311 2361 tioni
331 2328 438 2371 quae
459 2321 524 2359 est
542 2319 685 2359 vivere
706 2319 923 2359 scientiam
949 2319 1207 2360 adhibentem
1229 2327 1373 2359 earum
1394 2328 1535 2360 rerum
1556 2329 1664 2370 quae

206 2404 359 2441 natura
388 2400 584 2440 eveniant
611 2400 808 2439 continuo
836 2399 1012 2449 adjecit:
1057 2399 1338 2449 „seligentem
1372 2408 1478 2448 quae
1514 2407 1665 2441 secuna

209 2480 305 2522 dum
328 2482 521 2521 naturam
554 2481 597 2519 et
625 2478 661 2519 si
682 2488 789 2529 quae
817 2481 961 2519 contra
991 2480 1184 2519 naturam
1215 2477 1301 2518 sint
1330 2478 1589 2528 rejicientem
1622 2479 1664 2519 id

211 2562 278 2601 est
306 2558 604 2617 convenienter
632 2560 994 2607 congruenterque
1024 2560 1198 2597 naturae
1227 2558 1408 2600 vivere‘-‘
1438 2558 1482 2598 in
1512 2559 1665 2608 quibus

208 2641 316 2681 duas
344 2637 710 2689 interpretationes
740 2637 931 2678 altiorem
966 2633 1253 2691 (Chrysippi)
1283 2637 1459 2679 alteram
1489 2637 1663 2679 alteram

207 2717 434 2775 (Diogenis
446 2717 512 2758 vel
526 2716 784 2770 Antipatris)
796 2716 1059 2759 humiliorem
1077 2716 1297 2763 misceriet
1308 2717 1399 2758 sine
1413 2717 1578 2759 interno
1595 2727 1667 2759 ne-

204 2809 275 2841 ces
283 2798 485 2841 situdinis
503 2797 671 2840 vinculo
682 2796 872 2839 connecti
885 2796 984 2838 mihi
1000 2796 1165 2848 quidem
1178 2799 1367 2848 apertum
1378 2807 1472 2839 esse
1483 2798 1665 2847 videtur.
