1893 3155
645 229 1191 314 n--‚-45‘--

223 360 470 409 potestatem
500 359 629 401 cessit
658 362 701 401 et
729 369 820 401 eam
839 359 1015 411 quidem
1042 368 1125 410 qua
1153 367 1280 409 quum
1321 358 1561 400 universam
1592 359 1682 399 tum

222 417 516 487 particularem
544 429 699 489 pariter
734 439 1068 489 comprehendat.
1122 436 1343 478 Rationem
1373 439 1520 480 audire
1551 446 1681 488 quum

218 517 416 566 jubemur
443 517 492 559 de
523 522 638 560 certa
665 529 810 560 omnes
849 517 977 559 animi
1008 519 1216 568 potestate
1249 518 1509 568 cogitamus,
1552 517 1679 567 cujus

222 605 366 637 vocem
389 607 469 638 non
497 609 551 638 ex
571 600 649 640 hac
678 608 819 639 rerum
851 598 1125 639 universitate
1154 600 1397 647 exspectare
1423 600 1467 637 et
1495 598 1679 638 fortasse

222 674 380 717 frustra
411 674 655 727 exspectare
685 688 908 729 cogamur,
941 688 1086 719 verum
1110 687 1232 728 quam
1258 678 1301 717 in
1322 688 1369 718 se
1387 677 1479 728 ipso
1499 677 1677 728 quisque

221 756 389 805 sentiat,
414 756 514 795 haec
531 757 762 809 jubentem,
795 760 1002 799 vetantem
1026 757 1250 798 contraria.
1294 754 1353 796 At
1372 757 1415 797 in
1436 757 1581 796 eadem
1601 755 1675 796 illa

221 835 382 874 ratione
410 835 446 874 si
468 844 536 875 res
557 837 797 877 acutissime
817 837 1052 887 definiatur,
1085 837 1219 876 omnis
1242 836 1383 876 mundi
1402 838 1553 876 natura
1575 844 1674 874 con-

219 913 390 953 tinetur.
447 911 633 954 Mundus
673 925 727 954 ex
767 916 821 955 iis
860 925 966 965 quae
1006 925 1132 965 supra
1170 914 1441 963 exposuimus
1482 914 1672 954 animans

218 994 357 1031 mente
372 992 520 1041 vigens
541 994 582 1032 et
603 993 778 1033 ratione.
812 990 935 1046 Quod
956 993 1105 1043 siquis
1125 993 1292 1043 penitus
1308 992 1550 1033 examinare
1566 992 1674 1032 velit

218 1070 342 1120 quale
362 1070 419 1110 sit
440 1070 542 1110 nihil
573 1071 685 1110 aliud
708 1081 807 1113 3333,
828 1072 1011 1121 reperiat
1030 1081 1153 1121 quam
1182 1070 1358 1110 rationis
1378 1070 1464 1109 vim
1493 1073 1536 1110 et
1555 1080 1672 1120 prae-

218 1150 417 1190 stantiam
437 1159 491 1189 ex
518 1150 645 1199 hujus
666 1152 851 1201 corporis
882 1151 1079 1202 angustia
1099 1150 1294 1200 solutam,
1325 1150 1376 1190 ad
1398 1150 1583 1191 universi
1606 1160 1673 1191 or-

218 1228 335 1268 dines
367 1228 636 1279 translatam,
666 1239 742 1279 pro
763 1230 927 1280 divina,
961 1231 1061 1281 quin
1089 1239 1163 1279 pro
1185 1229 1259 1269 deo
1279 1229 1473 1278 positam.
1525 1227 1671 1270 Ratio-

218 1316 311 1347 nem
327 1306 459 1357 igitur
469 1316 595 1357 quum
613 1317 849 1360 sequemur,
866 1308 991 1349 simul
1007 1288 1229 1349 universae
1251 1309 1425 1347 naturae
1441 1309 1483 1347 et
1499 1310 1670 1348 nostrae

217 1385 513 1436 convenienter
532 1387 738 1437 vivemus,
761 1389 982 1436 pergentes
1004 1387 1056 1426 ad
1083 1386 1121 1425 id
1145 1386 1252 1434 quod
1274 1396 1347 1435 pro
1369 1396 1531 1426 summo
1552 1396 1670 1436 prae-

216 1462 421 1504 dicantem
445 1461 726 1514 Chrysippum
756 1465 1015 1521 audivimus,
1049 1467 1097 1505 ut
1115 1464 1266 1514 genius
1287 1465 1329 1505 in
1356 1464 1536 1515 singulis
1556 1465 1671 1505 habi-

216 1544 311 1581 tans
332 1543 525 1582 concinat
545 1552 639 1582 cum
660 1543 877 1583 voluntate
897 1543 1073 1583 rectoris
1095 1543 1294 1592 supremi.

328 1618 613 1677 Nihilominus
635 1631 786 1672 operae
815 1625 985 1663 nostrae
1009 1632 1160 1672 magna
1179 1631 1276 1672 pars
1298 1621 1445 1667 deesse
1460 1621 1671 1672 judicare-

215 1701 309 1750 tur,
343 1699 378 1740 si
399 1699 441 1740 in
463 1698 540 1740 hac
560 1699 902 1750 interpretatione
923 1700 1269 1750 acquiescendum
1292 1709 1388 1740 esse
1406 1702 1666 1749 putaremus.

215 1776 420 1831 Quamvis
449 1779 557 1819 enim
579 1789 725 1820 verum
756 1782 799 1819 et
819 1780 1013 1820 decorum
1043 1779 1146 1820 illud
1168 1789 1242 1830 pro
1262 1779 1464 1830 principio
1485 1780 1668 1830 positum

213 1858 415 1899 rationem
437 1858 556 1908 sequi
576 1858 719 1899 multis
741 1858 921 1900 sortasse
941 1858 1147 1909 videatur,
1172 1859 1441 1900 nihilominus
1461 1859 1553 1900 neri
1574 1868 1668 1910 pos-

213 1939 302 1987 set,
346 1936 382 1976 si
413 1946 462 1976 eo
491 1936 601 1987 capti
631 1945 719 1976 rem
748 1946 844 1977 cum
872 1937 995 1977 laude
1025 1939 1068 1976 et
1097 1938 1391 1987 approbatione
1420 1937 1670 1978 concludere

213 2015 415 2056 vellemus
429 2045 440 2065 ,
465 2017 513 2055 ut
538 2015 587 2055 de
609 2025 708 2056 vera
729 2016 970 2066 disciplinae
992 2013 1161 2057 Stoicae
1193 2016 1395 2066 dignitate
1419 2026 1670 2067 magnopere

214 2093 467 2135 falleremur.
530 2090 794 2143 Pergendum
825 2094 964 2143 potius
991 2095 1050 2134 ita
1080 2096 1146 2134 est
1173 2096 1220 2134 ut
1250 2103 1502 2148 quaeramus
1532 2095 1669 2145 qualis

211 2172 382 2212 laudata
401 2172 473 2211 illa
494 2172 602 2211 ratio
622 2172 869 2221 reperiatur,
889 2174 925 2212 si
947 2174 1040 2221 ejus
1060 2173 1125 2212 vis
1147 2175 1190 2211 et
1210 2173 1437 2212 efficacitas
1458 2175 1671 2221 spectetur

211 2253 254 2291 in
274 2250 359 2291 vita
381 2252 424 2290 et
443 2249 629 2290 moribus
651 2249 976 2291 conformandis.

326 2327 465 2378 Atque
495 2329 672 2378 primum
703 2330 866 2378 quidem
897 2330 1006 2378 quod
1037 2331 1103 2369 est
1121 2329 1421 2378 quodammodo
1451 2329 1502 2368 de
1531 2329 1665 2370 forma

212 2407 423 2448 actionum
443 2407 530 2448 vita
550 2416 656 2456 quae
683 2416 707 2447 3
728 2407 891 2448 ratione
918 2406 1246 2451 conformabitur
1275 2406 1326 2446 ab
1356 2415 1406 2446 33
1426 2408 1564 2447 aetate
1583 2417 1666 2457 qua

135 2468 149 2473 „
212 2487 306 2536 ejus
345 2485 484 2526 lumen
524 2485 707 2525 nondum
746 2485 968 2525 adcensum
1009 2488 1123 2526 esset
1158 2495 1207 2525 3ο
1239 2485 1402 2524 differet
1429 2485 1541 2534 quod
1576 2486 1666 2534 jam

213 2574 483 2616 quaecunque
510 2566 691 2615 agentur
719 2565 898 2614 agentur
926 2564 1117 2604 consilio.
1168 2561 1205 2604 E
1226 2563 1402 2604 consilio
1431 2564 1538 2604 enim
1561 2564 1667 2605 vivi·

213 2654 308 2686 mus
323 2644 575 2694 simulatque
590 2642 853 2694 appetitionis
866 2643 1025 2692 primae
1041 2645 1083 2683 et
1102 2643 1329 2684 instinctus
1349 2643 1522 2692 imperio
1539 2643 1666 2684 soluti

215 2732 387 2777 sumus3
420 2722 639 2766 consilium
666 2724 805 2765 autem
835 2722 1024 2765 nascitur
1053 2720 1332 2773 intelligentia
1362 2723 1405 2763 et
1432 2721 1666 2764 voluntate.
