1893 3155
752 261 1199 305 *5*

252 383 467 425 doctrinae
495 380 836 431 compositionem
864 389 988 429 quam
1019 379 1224 420 internam
1254 377 1435 429 partium
1457 376 1712 427 gravitatem

252 465 295 502 et
313 471 460 502 verum
482 463 738 500 momentum
759 461 948 509 spectare
969 459 1130 499 dicendi
1151 463 1263 500 sunt.
1319 457 1478 500 Verum
1498 467 1549 497 ea
1570 456 1712 505 dispu-

252 539 356 580 tatio
388 548 470 579 non
501 538 640 578 minus
662 538 843 578 difficilis
864 547 987 587 quam
1016 539 1161 588 gravis
1192 548 1285 578 esse
1314 538 1574 588 reperietur3
1609 544 1711 585 quo-

253 619 364 658 niam
393 618 451 657 ita
484 618 641 657 sactum
679 620 769 667 est,
817 620 865 657 ut
895 617 1124 667 principum
1157 615 1392 658 Stoicorum
1424 620 1467 656 et
1505 615 1710 666 imprimis

253 693 479 748 Chrysippi
500 696 570 746 qui
591 696 804 736 doctrinae
824 706 902 737 suo
923 696 1092 747 ingenio
1113 697 1321 747 perfectae
1342 706 1485 736 omnes
1509 696 1596 736 sere
1616 704 1710 744 par-

252 779 318 817 tes
348 776 572 816 memoriae
593 776 814 816 tradidisse
834 776 1028 826 videtur,
1060 776 1216 825 scripta
1245 776 1404 826 perdita
1427 776 1513 815 sint
1541 776 1707 824 omnia3

252 855 359 896 mira
386 855 456 895 illa
478 854 641 905 quidem
674 855 868 896 fortunae
896 855 1140 907 iniquitate3
1174 865 1227 895 an
1255 855 1380 896 istam
1409 854 1607 895 librorum
1640 863 1709 893 co-

252 936 359 986 piam
383 935 512 975 divini
543 935 612 975 illa
644 936 802 984 ingenii
830 935 874 975 vi
905 938 947 975 et
975 936 1232 984 praestantia
1262 935 1449 975 caruisse
1479 934 1709 983 suspicabi-

252 1024 362 1064 mur,
387 1024 493 1064 quae
513 1012 700 1055 Platonis
722 1017 764 1054 et
783 1012 1026 1054 Aristotelis
1048 1014 1201 1064 scripta
1222 1023 1297 1063 per
1318 1016 1457 1054 tantas
1477 1016 1710 1063 temporum

251 1095 368 1133 vices
389 1093 685 1133 conservavit?
723 1090 1000 1146 Quidcunque
1021 1102 1175 1133 causae
1197 1093 1277 1132 fuit
1290 1123 1301 1141 ‚
1336 1102 1448 1133 nunc
1468 1093 1710 1132 auctoribus

252 1173 413 1213 utimur
442 1168 479 1212 si
520 1172 581 1212 rei
614 1172 802 1222 gravitas
839 1174 1052 1222 spectetur
1089 1172 1253 1212 levibus
1293 1172 1524 1221 parumque
1553 1171 1706 1221 dignis.

250 1249 361 1292 Nam
384 1251 455 1301 qui
486 1261 539 1291 ex
562 1248 716 1292 Stoicis
747 1252 848 1302 ipsis
880 1252 1014 1292 adhuc
1044 1252 1087 1292 in
1109 1251 1301 1292 manibus
1323 1253 1447 1301 sunt,
1480 1248 1706 1300 Seneca,

211 1339 215 1341 ’
252 1328 557 1380 Epictetus,
581 1330 909 1382 Antoninus,
933 1332 963 1371 ii
984 1332 1175 1381 quamvis
1195 1332 1304 1372 haud
1327 1331 1550 1381 spernendi
1569 1333 1711 1370 tamen

252 1409 450 1449 seriorem
473 1409 680 1458 quandam
707 1409 840 1458 ipsius
861 1409 1102 1459 disciplinae
1133 1411 1309 1451 formam
1331 1412 1374 1449 et
1403 1411 1580 1451 aetatem
1602 1409 1713 1448 reie-

251 1491 373 1539 runt,
408 1497 535 1538 quum
556 1488 628 1528 illa
649 1488 881 1529 disserendi
912 1488 1145 1529 subtilitate
1165 1489 1311 1530 relicta
1332 1492 1528 1539 tanquam
1551 1498 1627 1539 pro
1647 1498 1711 1528 re-

251 1569 409 1619 ligione
430 1578 524 1609 esse
545 1568 764 1617 coepisset.
812 1566 1167 1618 philosophantur
1186 1569 1263 1619 illi,
1290 1570 1327 1609 si
1348 1570 1425 1609 hoc
1446 1572 1512 1610 est
1531 1568 1712 1619 philoso-

250 1648 385 1699 phari,
412 1658 492 1688 non
515 1648 715 1688 scientiae
739 1648 877 1687 studio
899 1648 1026 1697 ducti,
1053 1649 1125 1688 sed
1148 1649 1199 1689 ad
1221 1650 1383 1690 animos
1405 1648 1711 1699 componendos

251 1730 294 1767 et
314 1730 460 1767 contra
482 1730 715 1776 temporum
736 1728 947 1767 miseriam
968 1728 1208 1768 firmandos.
1258 1727 1381 1769 Vitae
1403 1728 1602 1777 fructum,
1627 1738 1711 1767 non

251 1806 464 1845 doctrinae
504 1806 799 1853 perfectionem
831 1808 1052 1854 quaerunt.
1116 1804 1395 1858 Quamobrem
1429 1803 1631 1861 δόγματα
1664 1809 1711 1846 ut

250 1885 316 1923 est
335 1883 444 1933 apud
465 1879 667 1924 Senecam
698 1883 869 1924 laudant
890 1885 1056 1934 quidem
1087 1888 1131 1926 et
1150 1885 1465 1935 commendant,
1498 1886 1580 1935 ipsi
1610 1895 1710 1926 vero

250 1963 390 2003 omnia
408 1963 451 2003 in
483 1959 800 2019 παραινετικὴν
822 1964 889 2004 vel
919 1964 1118 2005 vitiorum
1148 1965 1216 2004 vel
1243 1964 1434 2005 dolorum
1464 1965 1711 2005 medicinam

249 2044 515 2083 convertunt.
550 2040 775 2084 Praeterea
795 2053 923 2093 quum
944 2044 1083 2085 minus
1104 2048 1315 2086 sectarum
1331 2044 1569 2086 discrimina
1586 2055 1711 2096 quam

250 2122 486 2163 eommunia
508 2122 737 2172 sapientiae
768 2123 875 2163 bona
896 2126 1112 2164 sectentur
1132 2134 1266 2174 neque
1292 2125 1328 2164 si
1352 2125 1447 2173 quid
1470 2126 1603 2165 lionae
1625 2126 1712 2166 sru-

248 2202 318 2251 gis
338 2201 529 2250 quodque
560 2203 711 2241 animis
733 2203 959 2242 remedium
991 2203 1138 2242 afferat
1158 2204 1265 2252 apud
1289 2206 1451 2243 ceteros
1473 2205 1712 2244 invenerint

249 2282 540 2329 aspernentur,
575 2280 647 2318 sed
669 2280 757 2319 suis
778 2280 1049 2330 admisceant,
1075 2281 1266 2330 singulas
1287 2282 1452 2330 quidem
1476 2284 1709 2323 sententias

247 2358 476 2407 permultas
504 2361 630 2406 atque
662 2358 856 2407 egregias
885 2362 1081 2409 promunt
1108 2362 1151 2399 et
1180 2360 1348 2399 omnino
1371 2360 1407 2399 si
1441 2361 1580 2400 dicere
1609 2361 1711 2401 licet

250 2435 442 2486 spiritum
463 2435 645 2475 hominis
667 2433 797 2476 Stoici
819 2437 924 2477 hene
945 2438 1257 2487 demonstrant,
1295 2437 1509 2478 doctrinae
1530 2438 1708 2480 sormam

248 2514 475 2564 genuinam
507 2513 710 2552 neminem
744 2513 988 2554 edocebunt.
1053 2513 1121 2554 Ex
1150 2516 1302 2556 ceteris
1333 2519 1474 2557 autem
1506 2518 1576 2566 qui
1597 2515 1708 2558 Stoi-

249 2603 392 2634 corum
433 2593 597 2633 decreta
638 2592 860 2632 memoriae
900 2593 1163 2634 tradiderunt
1203 2595 1575 2644 eloquentissimus
1616 2598 1709 2638 sine

249 2672 373 2713 dubio
401 2670 463 2713 Μ.
497 2670 713 2712 Tullius
746 2671 816 2721 qui
854 2672 896 2711 in
927 2672 1129 2713 librorum
1160 2674 1231 2723 qui
1272 2677 1372 2715 sunt
1401 2674 1460 2715 de
1501 2675 1709 2716 finibus

249 2752 498 2802 praesertim
532 2750 657 2791 tertio
690 2750 857 2791 illorum
880 2750 928 2791 de
959 2752 1041 2792 tine
1072 2752 1274 2794 bonorum
1306 2754 1344 2794 h.
1369 2764 1405 2793 e.
1432 2754 1482 2794 de
1507 2755 1711 2807 principio
