1893 3155
710 254 1191 303 *46—

217 378 319 422 ldeo
341 377 447 422 Cato
469 378 631 430 „simul
653 380 793 419 autem
816 378 927 428 cepit
946 371 1308 429 intelligentiam“
1332 380 1375 419 et
1395 377 1557 429 reliqua
1578 387 1686 429 quae

218 458 515 508 descripsimus
538 466 580 506 p.
604 454 687 508 413
720 458 763 497 et
785 453 1012 498 Cleanthes
1044 467 1111 508 ap.
1137 454 1339 499 Senecam
1363 457 1413 499 de
1442 457 1582 500 benef.
1605 453 1682 508 VI,

220 537 295 578 11:
332 536 565 588 „voluntas
587 538 654 576 est
674 546 781 585 quae
802 537 909 587 apud
932 547 1009 578 nos
1031 538 1148 594 ponit
1168 537 1404 578 officium.“

329 613 425 657 Jam
451 618 595 662 autem
626 625 889 665 consequens
922 616 1056 657 ruisse
1085 619 1207 666 putes
1237 620 1285 657 ut
1305 627 1328 657 e
1348 616 1536 667 generali
1568 626 1687 666 prae-

215 698 334 747 cepto
364 695 533 747 singula
559 696 815 737 ducerentur
845 688 936 737 sive
965 699 1013 737 ut
1042 697 1151 737 ratio
1181 696 1253 737 illa
1281 697 1324 737 in
1352 699 1510 737 motum
1532 699 1575 736 et
1594 698 1687 737 tan-

214 784 340 824 quam
369 774 524 814 ssumen
554 775 759 815 transiret
786 784 839 814 ex
861 783 944 823 quo
974 774 1111 814 omnis
1140 775 1347 814 virtutum
1374 774 1688 824 officiorumque

216 854 400 896 varietas
429 854 694 904 gigneretur.
761 849 894 894 Stoici
924 853 985 893 illi
1019 853 1160 903 potius
1190 853 1445 903 rigiditatem
1477 852 1687 902 quandam

214 932 429 975 vindicare
459 935 504 974 et
534 941 658 983 quam
688 931 818 973 semel
860 933 1024 973 tantum
1067 941 1193 983 super
1228 941 1400 974 sensum
1432 931 1688 973 extulissent

216 1022 310 1053 eam
339 1013 390 1052 ab
421 1012 567 1052 eodem
589 1012 694 1052 dura
726 1012 987 1062 oppositione
1020 1021 1218 1061 separare
1246 1011 1433 1051 voluisse
1463 1011 1684 1064 videntur,

218 1093 343 1132 veriti
376 1093 525 1141 opinor
550 1102 603 1132 ne
638 1094 841 1141 quantum
872 1092 1142 1131 admisissent
1171 1091 1391 1131 varietatis
1422 1094 1585 1131 tantum
1618 1091 1687 1131 de-

217 1171 453 1210 traxissent
472 1170 700 1219 majestati.
752 1168 903 1219 Hom0‚
929 1170 965 1209 si
988 1167 1153 1210 Stoicos
1174 1169 1335 1219 audias,
1361 1171 1436 1209 aut
1456 1172 1522 1209 est
1540 1169 1583 1209 in
1604 1178 1687 1210 usu

217 1250 409 1299 rationis,
441 1251 516 1289 aut
536 1259 619 1289 non
640 1251 730 1299 est3
763 1250 862 1288 ante
887 1258 1009 1297 quam
1032 1258 1081 1288 eo
1101 1248 1308 1298 pervenit,
1333 1248 1494 1289 nullius
1515 1248 1686 1289 virtutis

216 1327 304 1370 ullo
325 1328 447 1369 modo
469 1328 695 1378 particeps,
713 1337 841 1378 quum
862 1327 1041 1377 primum
1063 1328 1269 1378 pervenit,
1295 1328 1479 1369 omnium
1502 1327 1623 1378 plene
1644 1330 1687 1368 et

217 1408 418 1457 perfecte.
451 1405 500 1447 In
523 1407 669 1463 primis
691 1409 868 1447 naturae
889 1406 1254 1446 conciliationibus
1275 1406 1451 1447 honesta
1471 1407 1580 1447 actio
1602 1416 1686 1448 non

219 1487 354 1539 inest3
388 1487 538 1537 quippe
565 1486 762 1526 voluntas
792 1488 834 1525 et
863 1486 1143 1536 intelligentia
1169 1496 1252 1526 non
1284 1486 1455 1538 insunt3
1489 1489 1635 1527 contra
1661 1497 1685 1527 a

221 1566 409 1616 sapiente
440 1564 640 1615 quidquid
681 1564 962 1614 proficiscitur
1000 1565 1041 1604 id
1081 1565 1281 1605 continuo
1311 1565 1442 1629 debet⁸
1472 1565 1685 1616 expletum

220 1655 316 1686 esse
337 1645 529 1686 omnibus
559 1643 649 1685 suis
670 1643 883 1695 partibus,
918 1646 966 1685 ut
987 1646 1051 1684 est
1078 1654 1143 1695 ap.
1171 1640 1262 1686 Cic.
1289 1644 1338 1685 de
1357 1644 1431 1695 iln.
1456 1641 1518 1685 ΙΙΙ
1538 1648 1575 1697 §.
1601 1643 1683 1697 323

220 1726 454 1776 „quoniam
474 1733 580 1774 quae
601 1723 926 1773 proficiscuntur
946 1734 969 1763 a
986 1725 1144 1764 virtute
1162 1726 1428 1775 susceptione
1447 1725 1581 1774 prima
1601 1734 1686 1765 non

217 1805 473 1854 perfectione
493 1805 609 1843 recta
631 1805 731 1842 sunt
746 1803 1028 1851 judicanda.“
1062 1801 1173 1856 Quid
1196 1805 1346 1844 mirum
1367 1813 1531 1843 omnem
1553 1804 1685 1844 virtu-

216 1886 306 1924 tum
327 1883 574 1924 varietatem
594 1882 644 1921 ad
666 1881 774 1921 idem
797 1881 960 1922 redire?
986 1877 1154 1935 'Quippe
1174 1893 1282 1933 quae
1302 1883 1395 1924 ideo
1415 1884 1579 1923 tantum
1600 1882 1686 1924 vir-

217 1963 333 2001 tutes
356 1961 611 2009 habeantur,
646 1960 756 2009 quod
779 1962 1009 1999 nascantur
1028 1970 1081 1999 ex
1111 1961 1415 2013 intelligentia3
1448 1961 1684 2013 intelligen-

218 2040 278 2079 tia
297 2039 481 2079 omnium
498 2039 655 2088 pariter
676 2038 1008 2093 tundamentum.
1045 2034 1294 2079 Communia
1308 2039 1463 2079 habent
1481 2036 1538 2081 τὰ
1562 2042 1684 2082 θεω-

220 2114 396 2174 ρήματα
428 2114 576 2170 (Stob.
610 2128 652 2168 p.
688 2115 784 2158 110.
818 2114 945 2167 Diog.
979 2113 1032 2155 L.
1070 2114 1166 2159 125.
1200 2116 1314 2159 Plut.
1350 2119 1401 2159 de
1429 2115 1559 2160 Stolo.
1591 2129 1680 2179 rep.

219 2207 257 2237 c.
282 2196 384 2249 27);
419 2193 492 2239 διὸ
514 2191 789 2254 ἀχωρίστους
818 2189 955 2238 εἶναι·
986 2192 1064 2237 τὸν
1095 2194 1177 2254 γὰρ
1205 2194 1317 2252 μίαν
1347 2193 1504 2251 ἔχοντα
1531 2196 1686 2249 πάσας

219 2272 333 2329 ἔχειν
352 2273 429 2317 καὶ
457 2272 534 2318 τὸν
563 2272 677 2318 κατὰ
707 2271 816 2329 μίαν
846 2271 1102 2331 πράττοντα
1130 2274 1245 2319 κατὰ
1273 2273 1427 2327 πάσας
1453 2275 1681 2334 πράττειν.

217 2354 274 2395 Et
304 2366 370 2405 ap.
404 2356 529 2396 eund.
564 2352 680 2396 Stoi».
711 2366 751 2406 p.
787 2353 894 2397 196:
938 2351 1087 2396 πάντα
1125 2352 1202 2396 τὸν
1233 2351 1519 2411 ἀγαθὸν-καὶ
1547 2353 1684 2398 καλὸν

215 2428 355 2492 ἄνδρα
383 2431 553 2478 τέλειον
584 2428 701 2477 εἶναι
722 2431 900 2491 λέγουσι
926 2432 1003 2476 διὰ
1023 2431 1075 2476 τὸ
1095 2434 1318 2492 μηδεμιᾶς
1339 2430 1684 2479 ἀπολείπεσθαι

215 2509 385 2571 ἀρετῆς.
427 2513 518 2555 Hoc
540 2515 727 2565 profecto
749 2516 785 2555 si
806 2515 866 2555 ita
888 2517 954 2555 est
974 2515 1096 2565 plane
1127 2525 1390 2566 consequens
1422 2526 1597 2557 censere
1617 2518 1677 2569 (v.

214 2593 243 2633 l.
269 2594 321 2647 l.)
344 2589 425 2635 δύο
447 2590 547 2649 γένη
572 2595 660 2634 τῶν
681 2589 937 2649 ἀνθρώπων
958 2587 1075 2635 εἶναι
1102 2592 1154 2635 τὸ
1174 2593 1256 2648 μὲν
1285 2596 1374 2636 τῶν
1404 2590 1679 2645 σπουδαίων,

213 2668 265 2712 τὸ
287 2669 338 2714 δὲ
367 2673 456 2714 τῶν
477 2668 683 2729 φαύλων·
713 2669 791 2713 καὶ
818 2669 870 2714 τὸ
891 2669 972 2725 μὲν
998 2674 1088 2714 τῶν
1118 2666 1382 2719 σπουδαίων
1412 2667 1490 2712 διὰ
1511 2668 1682 2722 παντὸς

214 2752 294 2792 τοῦ
313 2746 415 2805 βίου
435 2752 637 2809 χρῆσθαι
656 2750 758 2800 ταῖς
779 2745 960 2807 ἀρεταῖς
970 2750 1063 2793 κτλ.
1095 2748 1378 2804 Quamobrem
1392 2750 1526 2802 igitur
1536 2751 1680 2793 variae
