1893 3155
1069 0 1079 15 1
1097 10 1100 12 ,
1119 0 1380 35 γῤ-Τᾲζᾝῇΐῇᾣῖξέζέὕ

1154 27 1166 36 v«
1213 26 1268 41 εἷς,
1312 34 1323 38 .,

756 233 1197 280 κῇ...-

247 362 328 402 que
357 354 470 394 inter
498 354 692 404 antiquos
722 353 995 405 intendisset,
1037 353 1079 394 id
1109 363 1204 394 cum
1236 354 1455 403 utriusque
1494 354 1701 393 terrarum

248 441 348 473 orae
377 433 515 474 salute
546 435 771 474 exsecutus
800 434 878 483 sit,
909 436 1086 483 possunt
1113 433 1174 473 illi
1196 432 1361 483 quidem
1381 432 1421 472 id
1443 431 1551 482 quod
1573 429 1704 473 Grae-

249 520 395 552 corum
434 511 585 561 populo
624 512 883 563 propositum
923 512 1075 553 inisset
1114 512 1304 552 effecisse
1352 521 1487 562 neque
1525 511 1703 561 posteris

248 590 473 639 quidquam
503 591 725 640 reliquisse
753 591 910 641 videri,
943 592 1025 631 nisi
1056 593 1102 631 ut
1122 600 1229 640 quae
1259 600 1399 631 rerum
1430 590 1703 631 humanarum

249 678 342 709 sors
364 672 430 709 est
449 680 475 709 a
495 670 668 720 fastigio
688 672 761 711 illo
779 672 829 711 ad
851 671 1177 711 mediocritatem
1198 681 1347 711 rursus
1369 673 1411 710 et
1429 669 1704 709 humilitatem

249 747 563 789 descenderent.
620 745 741 801 Quod
772 749 808 788 si
828 758 881 788 ex
903 749 1014 788 omni
1045 751 1163 798 parte
1184 757 1329 788 verum
1351 750 1486 798 esset,
1519 747 1615 797 quid
1636 747 1703 787 vel

249 826 480 875 principum
503 836 577 876 per
608 828 754 866 ultima
782 827 855 865 illa
878 825 1080 867 Graeciae
1102 829 1287 875 tempora
1317 827 1443 865 rebus
1472 827 1605 875 gestis
1634 826 1702 865 vel

250 901 489 945 Stoicorum
508 903 811 955 Epicureorum
833 905 985 954 quique
1006 904 1149 944 eadem
1178 906 1313 945 aetate
1340 904 1595 945 exstiterunt
1614 903 1703 954 phi·

249 983 517 1034 losophorum
549 984 780 1024 rationibus
816 984 981 1024 tristius
1012 993 1104 1023 esse
1134 986 1276 1033 posset
1316 985 1358 1023 et
1396 982 1703 1023 miserabilius?

249 1061 339 1103 Aut
359 1063 455 1113 quis
477 1065 543 1103 est
563 1063 634 1112 qui
665 1063 708 1102 in
739 1063 911 1103 historia
941 1064 1224 1113 persequenda
1255 1072 1279 1102 a
1300 1062 1587 1113 desperatione
1614 1062 1703 1102 ani-

250 1151 364 1186 mum
387 1142 632 1190 defenderit,
657 1142 766 1181 inter
785 1141 891 1181 istas
912 1142 1146 1184 altitudinis
1167 1145 1209 1182 et
1228 1142 1476 1186 humilitatis
1497 1141 1703 1184 humanae

249 1221 363 1262 vices
379 1219 599 1268 jactatus?
629 1216 711 1259 Sed
733 1220 930 1259 nimirum
960 1221 1183 1261 continuus
1204 1221 1370 1269 quidam
1400 1220 1614 1262 terrestris
1634 1219 1702 1264 hic

248 1298 319 1348 qui
346 1307 482 1349 genus
509 1297 737 1339 humanum
776 1300 946 1339 exercet
983 1298 1101 1339 labor
1132 1301 1198 1339 est
1227 1308 1361 1349 neque
1401 1298 1437 1343 si
1468 1307 1551 1348 qua
1584 1300 1712 1345 aetas

247 1376 477 1425 illustrium
506 1376 770 1426 ingeniorum
802 1386 949 1425 parum
977 1377 1129 1417 tulisse
1159 1378 1390 1426 reperitur,
1423 1377 1578 1418 idcirco
1599 1376 1702 1419 nihil

249 1456 418 1499 omnino
447 1455 677 1505 proiecisse
708 1456 892 1505 putanda
921 1458 1000 1495 est.
1055 1453 1189 1507 Quale
1216 1458 1356 1496 autem
1385 1456 1485 1499 illud
1508 1456 1587 1505 sit,
1619 1464 1702 1504 quo

248 1533 422 1580 alterius
444 1533 595 1574 aetatis
616 1533 909 1583 praestantiam
933 1533 1064 1573 altera
1084 1535 1347 1585 compenset,
1383 1533 1434 1573 ad
1466 1533 1702 1583 plantarum

247 1622 327 1662 ego
348 1613 662 1661 sinulitudinem
692 1612 932 1662 retulerim,
964 1622 1071 1661 quae
1091 1612 1286 1662 quamdiu
1316 1613 1454 1653 virent
1484 1616 1526 1653 et
1554 1601 1702 1666 florent

247 1691 428 1739 maxime
457 1691 553 1738 illae
573 1691 737 1740 quidem
769 1691 1062 1740 aspicientium
1092 1690 1237 1731 oculos
1260 1693 1303 1730 et
1332 1691 1493 1737 animos
1513 1692 1699 1742 capiunt,

246 1780 373 1820 quum
401 1772 541 1812 autem
573 1770 720 1818 norum
751 1769 908 1816 honore
937 1769 1149 1809 nudantur
1178 1771 1266 1810 tum
1295 1779 1402 1820 quae
1432 1771 1711 1821 multiplicem.
1756 1798 1758 1818 3
1836 1797 1853 1809 .

246 1849 430 1897 tructum
452 1849 590 1897 serant
610 1848 771 1896 semina
791 1848 1052 1898 dispergunt.
1104 1845 1264 1893 Eodem
1293 1849 1479 1899 profecto
1506 1849 1628 1891 modo
1648 1859 1712 1896 116,

247 1928 297 1968 ad
329 1927 412 1976 alia
432 1928 621 1977 ejusdem
649 1927 710 1966 rei
746 1927 936 1976 exempla
971 1926 1181 1975 digrediar
1216 1927 1324 1976 apud
1355 1925 1540 1969 Graecos
1573 1938 1701 1978 quum
1753 1971 1759 1978 ,

248 2006 526 2055 antiquiorem
557 2015 720 2052 omnem
752 2007 929 2044 aetatem
968 2005 1293 2053 ingeniosiorem
1331 2008 1420 2051 tum
1460 2006 1702 2052 ulteriorem

249 2084 451 2134 illam‚'de
466 2092 546 2134 qua
559 2083 813 2134 quaerimus,
835 2082 1158 2130 fructuosiorem
1179 2082 1311 2124 ruisse
1331 2084 1529 2134 reperies.
1562 2084 1713 2135 Atque-

249 2172 389 2210 rerum
412 2164 625 2213 gestarum
648 2162 812 2212 quidem
833 2171 938 2211 quas
959 2162 1030 2202 illa
1060 2162 1227 2204 saecula
1248 2162 1445 2209 exhibent
1465 2163 1560 2213 quis
1580 2164 1702 2209 hodie

251 2245 342 2293 est,
375 2243 446 2292 qui
478 2242 640 2283 nesciat
668 2242 779 2281 hunc
808 2240 941 2281 fuisse
969 2243 1163 2285 eventum
1194 2244 1236 2281 et
1263 2242 1383 2291 quasi
1413 2242 1621 2293 fructum,
1654 2246 1703 2289 ut

251 2331 373 2371 quam
398 2319 548 2369 Graeci
569 2320 829 2370 peperissent
848 2319 1149 2366 humanitatem
1179 2329 1228 2360 ea
1257 2319 1301 2360 in
1322 2320 1463 2368 urbem
1494 2323 1701 2368 terrarum

250 2399 641 2448 proseminaretur‘t·
670 2396 1015 2446 Philosophorum
1045 2407 1144 2437 vero
1165 2408 1270 2447 quae
1299 2399 1441 2447 eadem
1471 2402 1607 2443 aetate
1628 2410 1701 2447 611..

251 2478 451 2526 stiterunt
481 2479 619 2517 sectae
649 2485 731 2525 quo
760 2475 928 2519 nomine
955 2472 1131 2515 Platone
1160 2478 1202 2516 et
1220 2473 1450 2525 Aristotele
1478 2478 1702 2524 inferiores

252 2556 410 2605 suerint
440 2555 772 2604 animadvertere
803 2557 844 2602 et
884 2556 1030 2601 notare
1068 2555 1258 2601 omnihus
1297 2556 1341 2599 in
1379 2558 1572 2605 promptu
1609 2559 1714 2607 (³⁵2³.

251 2638 422 2685 nostrae
449 2636 591 2683 autem
622 2642 729 2683 ‹1an
758 2638 852 2679 esse
881 2632 1002 2679 debet
1042 2633 1085 2674 in
1111 2633 1338 2683 judicando
1366 2633 1590 2684 aequitatis
1623 2633 1702 2682 hoe

250 2715 337 2763 erit·
361 2714 487 2763 etiam
517 2714 614 2764 1111111
648 2713 859 2763 proprium
887 2711 1107 2761 habuerint.
1139 2721 1339 2761 quaerere
1373 2714 1415 2759 et
1443 2722 1718 2765 agnoscere5.
