1893 3155
735 249 1216 293 —M—

246 349 409 411 tutione
428 369 629 409 emcitun
683 367 809 411 Omni
838 370 973 419 igitur
991 378 1073 419 qua
1094 372 1234 419 potest
1255 368 1296 408 vi
1317 367 1486 417 sapiens
1505 367 1550 408 in
1571 367 1710 408 scien-

246 448 349 489 tiam
370 450 414 489 et
434 447 712 488 eruditionem
740 447 966 496 incumbit,
999 457 1079 498 qua
1111 449 1201 489 vita
1229 448 1442 489 hominum
1464 447 1710 488 emendetur

246 529 291 567 et
311 526 364 567 ad
384 525 687 567 humamtatem
716 526 1016 570 conformetur.
1066 525 1157 569 Hac
1176 527 1287 569 enim
1316 527 1386 569 via
1415 526 1710 578 progredimur

246 605 299 646 ad
320 614 530 647 summum
551 604 656 646 illud
676 605 889 647 honum.“
916 604 1031 648 Haec
1052 609 1101 648 ut
1120 606 1171 647 de
1190 607 1243 648 iis
1264 607 1441 659 artibus,
1465 616 1571 658 quas
1592 605 1708 647 solas

246 688 411 735 spectat
426 682 632 725 Stobaeus
648 686 678 725 1.
691 686 720 724 l.
739 688 783 725 et
803 687 971 726 omnino
992 687 1100 726 saiso
1120 696 1254 736 neque
1270 697 1293 726 e
1309 684 1548 727 Stoicorum
1567 687 1709 725 mente

246 764 557 815 praedicantur,
581 765 641 805 ita
660 765 727 805 his
742 766 839 815 quid
861 767 922 808 rei
944 768 1001 807 sit
1016 776 1111 808 cum
1127 766 1351 817 categoriis
1371 766 1493 816 quale
1512 767 1556 805 et
1576 774 1708 814 quan·

248 846 337 885 tum
369 843 539 884 difficile
566 847 632 884 est
660 845 895 886 intellectu.
960 842 1199 886 Secundum
1229 845 1377 885 deinde
1404 844 1544 885 locum
1576 852 1707 893 quum

249 922 398 963 fecerit
431 920 538 979 περὶ
566 918 797 980 εὐκαιρίας
825 924 915 965 sive
945 925 995 965 de
1027 925 1359 974 opportunitate,
1405 933 1487 964 non
1516 922 1709 972 intelligo

246 1002 319 1052 qui
339 1004 485 1052 postea
516 1011 557 1052 p.
581 1000 667 1043 283
688 1003 746 1042 ita
769 1003 1005 1044 describere
1033 1004 1190 1053 possit:
1226 1003 1409 1053 „deinde
1424 1001 1708 1052 quaerendum

247 1083 313 1121 est
342 1081 438 1130 quid
471 1082 667 1131 praebeat
696 1084 846 1121 natura
876 1083 1000 1131 cujus
1031 1082 1256 1131 participes
1286 1081 1354 1120 vel
1384 1082 1576 1130 potentes
1608 1080 1708 1119 sacti

246 1158 435 1201 homines
458 1159 495 1201 ei
516 1159 791 1201 obedientiam
814 1162 1084 1210 praestent.“
1116 1157 1233 1202 Duos
1255 1158 1434 1210 denique
1454 1158 1526 1209 qui
1547 1160 1710 1200 restant

245 1239 360 1278 locos
389 1236 496 1293 περὶ
515 1235 695 1294 πρώτης
715 1233 846 1289 ἀξίας
865 1248 945 1289 qua
975 1234 1241 1292 εὐδαιμονία
1271 1241 1313 1278 et
1335 1234 1553 1293 ὁμολογία
1582 1237 1708 1277 simui

247 1318 541 1367 continentur,
576 1320 618 1357 et
637 1315 744 1373 περὶ
764 1315 982 1373 πράξεων,
1005 1321 1054 1358 ut
1066 1320 1332 1358 <demonstret
1353 1326 1588 1366 congruere
1613 1326 1708 1357 cum

249 1396 478 1445 categoriis
521 1392 711 1447 σχέσεως
741 1398 784 1435 et
819 1392 1053 1452 κινήσεως,
1083 1396 1273 1450 :adscivit
1301 1393 1527 1437 Stohaeum
1559 1404 1596 1444 p.
1626 1392 1710 1435 126

248 1473 350 1513 haec
370 1474 645 1514 referentem:
678 1474 882 1514 bonorum
904 1474 988 1512 alia
1009 1452 1108 1513 essev
1123 1474 1168 1513 in
1190 1474 1388 1522 motione,
1423 1470 1607 1529 κινήσει,
1637 1482 1710 1512 ve-

246 1551 326 1592 luti
354 1548 514 1607 χαράν,
554 1546 829 1609 εὐφροσύνην
840 1583 851 1603 ,
884 1548 1096 1609 σώφρονα
1128 1547 1332 1605 ὁμιλίαν,
1375 1552 1457 1592 alia
1488 1548 1534 1592 ἐν
1566 1547 1713 1603 σχέσει

248 1630 340 1671 sive
380 1631 602 1670 affectione
642 1630 772 1670 veluti
813 1625 1024 1671 εὖτακτὸν
1051 1626 1258 1688 ἡσυχίαν,
1300 1627 1437 1687 μονὴν
1474 1625 1710 1685 ἀτάραχον,

248 1704 470 1766 προςοχὴν
500 1704 735 1765 ἔπανδρον.
788 1707 871 1751 Sed
903 1709 1007 1750 haec
1034 1709 1236 1752 honorum
1260 1710 1475 1750 distinctio
1507 1711 1574 1749 est
1605 1718 1712 1758 quae

248 1797 373 1830 suum
393 1788 547 1828 habent
567 1788 610 1827 in
632 1788 768 1828 ethica
789 1788 949 1839 locum3
984 1798 1061 1828 nec
1081 1788 1284 1838 restringi
1306 1788 1428 1827 debet
1457 1788 1509 1827 ad
1530 1784 1711 1844 πρώτην

247 1862 380 1917 ἀξίαν
411 1870 453 1907 et
483 1867 535 1907 ad
564 1862 752 1921 πράξεις
762 1882 777 1916 ,·
816 1867 963 1906 deinde
993 1868 1183 1917 exempla
1213 1877 1378 1916 quoque
1406 1867 1578 1907 minime
1608 1876 1710 1915 qua-

246 1945 386 1988 drant.
438 1943 551 1986 Nam
573 1954 709 1994 neque
735 1945 969 1994 posteriora
990 1940 1282 1999 εὐδαιμονίας
1304 1948 1348 1985 et
1376 1940 1620 2000 ὁμολογίας
1639 1955 1711 1985 ne-

247 2032 330 2073 que
350 2023 490 2073 priora
512 2024 627 2063 recte
649 2023 856 2064 sactorum
873 2023 1066 2073 exempla
1086 2026 1203 2064 sunt.
1244 2022 1322 2064 His
1342 2023 1448 2064 adde
1465 2019 1711 2065 Ciceronem

247 2103 291 2143 in
312 2102 343 2143 1.
362 2099 423 2142 111
443 2102 494 2142 de
524 2102 595 2142 tin.
620 2102 663 2142 in
686 2102 763 2141 hoc
784 2102 946 2142 ethicae
975 2102 1068 2142 loco
1090 2103 1335 2153 exponendo
1355 2103 1481 2152 longe
1503 2103 1712 2143 diversam

246 2182 357 2223 viam
374 2181 591 2231 persequi3
616 2183 663 2220 ut
677 2189 841 2230 verear,
861 2190 914 2220 ne
934 2180 1071 2220 omnis
1092 2181 1173 2221 viri
1194 2181 1426 2220 doctissimi
1449 2181 1499 2220 de
1517 2182 1612 2230 ejus
1629 2181 1711 2221 loci

247 2261 374 2308 atque
394 2258 617 2300 universae
638 2258 800 2299 ethicae
821 2258 1094 2308 dispositione
1115 2260 1321 2299 sententia
1341 2259 1549 2299 concidat.
1587 2256 1709 2311 Quod

247 2338 291 2379 in
313 2338 418 2378 libro
435 2337 566 2377 tantis
583 2337 831 2379 eruditionis
848 2337 978 2387 copiis
991 2337 1198 2378 instructo
1210 2338 1334 2377 etiam
1349 2339 1445 2385 post
1459 2340 1709 2386 argumenta

247 2426 272 2457 a
291 2413 510 2465 Madvigio
539 2416 583 2455 in
614 2425 798 2457 excursu
821 2413 861 2456 V
881 2418 1028 2455 contra
1059 2416 1232 2456 eandem
1263 2416 1549 2464 conjecturam
1580 2415 1709 2455 allata

247 2493 391 2547 paucis
422 2492 541 2532 nobis
572 2492 938 2536 demonstrandum
970 2491 1168 2533 duximus
1197 2502 1249 2532 ne
1279 2492 1373 2542 quis
1403 2502 1482 2532 nos
1511 2492 1707 2542 deinceps

247 2572 416 2616 diversa
443 2558 622 2616 ratione*
635 2569 830 2620 progredi
860 2569 1099 2611 miraretur.
1161 2567 1343 2612 Cautius
1372 2571 1410 2612 is
1432 2580 1554 2620 quem
1585 2571 1708 2611 modo

248 2649 557 2695 nominavimus
573 2647 815 2699 Madvigius
831 2648 860 2689 i.
882 2648 912 2688 1.
934 2648 985 2688 ad
1000 2648 1247 2691 divisionem
1270 2659 1378 2698 quae
1399 2650 1536 2704 ruerit
1547 2649 1708 2689 ethicae

247 2728 355 2779 apud
389 2725 555 2770 Stoicos
584 2726 807 2771 eruendam
839 2729 1106 2779 quotcunque
1147 2727 1228 2767 huc
1264 2728 1476 2781 pertinent
1510 2730 1709 2773 auctores
