1893 3155
732 230 1177 273 —3w-

224 351 335 401 quod
364 352 401 391 si
431 351 530 401 quid
560 353 674 391 recte
707 351 949 400 judicamus
978 352 1022 391 in
1051 360 1101 391 eo
1128 349 1411 400 quaerendum
1444 350 1534 398 est,
1578 347 1687 397 quod

225 439 354 480 quum
374 430 497 480 quasi
524 438 613 470 rem
634 438 660 468 a
681 431 832 470 senatu
852 429 904 470 ad
934 429 1131 480 populum
1162 429 1322 470 ferrent
1351 428 1484 470 multo
1505 427 1687 478 amplius

225 508 363 550 forum
390 502 628 549 habuerunt
655 507 763 558 quod
786 508 1016 559 sapientiae
1036 508 1483 559 consiliis-dirigerent
1504 510 1547 549 et
1575 517 1687 548 com-

224 589 457 628 moverent.

338 665 487 717 Itaque
508 667 545 707 si
566 668 735 708 omnino
756 668 841 709 ulla
862 669 1064 709 historiae
1090 678 1190 718 pars
1212 669 1403 718 quaesita
1424 667 1687 708 commenda-

225 746 340 787 tione
371 746 582 797 indigeret
611 757 665 788 ne
696 747 761 788 his
783 748 948 798 quidem
970 749 1079 799 quod
1110 749 1272 789 animos
1294 748 1481 788 traheret
1500 747 1682 787 deesset.

225 822 416 878 Quarum
446 826 555 866 enim
586 829 795 868 sectarum
826 827 862 867 si
892 828 988 877 quid
1021 828 1074 867 iis
1104 837 1212 877 quae
1242 827 1362 867 modo
1390 825 1575 877 diximus
1596 826 1686 866 veri

223 905 337 946 inest
357 915 407 946 ea
437 906 567 947 suerit
594 907 783 957 gravitas
799 938 810 957 ,
845 910 893 948 ut
913 917 995 947 non
1023 907 1202 957 amplius
1224 906 1462 946 scholarum
1484 903 1696 950 auditori-'

223 985 303 1026 bus
324 986 546 1026 contentae
572 986 673 1027 totis
701 988 751 1027 ut
777 986 838 1027 ita
868 986 1000 1026 dicam
1031 985 1211 1032 saeculis
1233 985 1353 1036 quasi
1375 963 1686 1035 quaedami‘rer-

222 1067 364 1107 menta
373 1065 603 1107 voluntatis
621 1066 836 1117 adderent,
857 1075 999 1107 earum
1016 1066 1203 1107 rationes
1217 1065 1468 1116 cognovisse
1484 1066 1685 1115 quantum

221 1146 429 1186 interesse
449 1145 596 1186 debeat
617 1148 846 1196 temporum
877 1148 1087 1186 momenta
1108 1149 1222 1187 recte
1243 1146 1531 1202 aestimaturo,
1563 1153 1686 1185 nemo

221 1209 315 1273 non
337 1224 465 1265 videt.
518 1224 694 1266 Accedit
713 1225 820 1274 quod
843 1234 971 1275 quum
1002 1234 1094 1265 eam
1123 1225 1209 1266 vim
1241 1227 1368 1274 atque
1388 1224 1684 1265 auctoritatem

222 1304 275 1345 ad
296 1304 494 1355 temporis
515 1304 834 1346 diuturnitatem
864 1305 1085 1346 emetimur
1112 1305 1214 1345 adeo
1245 1304 1297 1345 ad
1318 1314 1415 1346 eum
1434 1313 1558 1354 quem
1579 1304 1683 1346 deus

220 1385 312 1435 ipse
341 1392 484 1424 rerum
513 1383 790 1425 humanarum
824 1383 1103 1439 constituisse
1124 1383 1291 1424 videtur
1322 1386 1519 1434 tanquam
1549 1382 1685 1425 cardi-

221 1475 317 1505 nem
347 1464 613 1513 deducimur,
657 1472 786 1513 quum
814 1464 926 1502 inter
954 1463 1102 1503 ultima
1133 1464 1330 1512 antiquae
1360 1440 1591 1512 sapientiae
1620 1461 1684 1501 lu-

221 1544 330 1586 mina
349 1543 447 1584 novi
464 1553 513 1583 ac
528 1551 703 1593 prorsus
720 1542 850 1583 divini
866 1542 968 1583 solis
990 1542 1105 1583 faces
1127 1544 1423 1584 surrexerunt.
1455 1540 1553 1584 Nisi
1574 1540 1685 1592 quod

220 1626 383 1665 ceteras
412 1617 650 1666 Stoicorum
678 1624 793 1663 secta
824 1622 1031 1673 dignitate
1059 1624 1177 1663 tanto
1209 1623 1448 1673 superavit,
1480 1624 1529 1663 ut
1555 1630 1685 1671 quum

220 1703 272 1744 de
300 1705 417 1744 tanta
448 1701 519 1743 illa
550 1704 719 1752 tamque
739 1701 938 1743 diuturna
965 1702 1218 1743 auctoritate
1247 1702 1392 1753 agitur
1420 1702 1501 1743 soli
1530 1701 1573 1742 in
1605 1709 1684 1741 nu-

219 1789 380 1822 merum
411 1782 639 1831 reponendi
669 1791 764 1821 esse
785 1781 1023 1822 videantur.
1076 1778 1200 1834 Quod
1220 1782 1256 1821 si
1278 1782 1328 1821 ad
1357 1791 1531 1821 sensum
1550 1789 1682 1831 popu-

219 1861 350 1902 larem
379 1871 509 1905 causa
536 1861 836 1911 revocabatur,
874 1863 1031 1911 quanta
1061 1870 1158 1901 esse
1188 1860 1363 1901 debebat
1392 1870 1538 1901 eorum
1568 1869 1682 1899 com-

218 1940 444 1991 mendatio,
468 1941 539 1991 qui
560 1951 606 1982 se
628 1943 675 1982 ut
691 1939 854 1982 Horatii
873 1940 1013 1982 verbis
1034 1942 1132 1981 utar
1143 1940 1316 1982 virtutis
1336 1950 1464 1982 verae
1484 1938 1682 1981 custodes

218 2019 460 2070 rigidosque
480 2020 683 2061 satellites
705 2029 800 2060 esse
827 2019 1076 2061 voluerunt!
1109 2017 1305 2073 Quantus
1326 2020 1553 2061 eorundem
1573 2019 1683 2070 apud

219 2096 431 2140 Romanos
461 2099 619 2141 honori
663 2097 745 2153 Qui
767 2110 896 2149 quum
925 2101 1095 2141 omnino
1125 2100 1428 2150 philosophiam
1459 2110 1484 2140 a
1506 2098 1682 2142 Graecis

210 2178 499 2237 *adscivissent
528 2181 690 2220 ceteras
725 2181 864 2220 sectas
884 2181 1046 2220 tantum
1077 2179 1165 2220 sere
1196 2179 1445 2220 eruditionis
1466 2182 1682 2221 ostentan-

217 2256 296 2303 dae
326 2267 456 2304 causa
484 2259 745 2309 attigerunt,
788 2258 895 2305 hane
926 2258 987 2298 ita
1016 2267 1101 2298 non
1132 2258 1268 2299 solum
1308 2260 1561 2308 probarunt,
1605 2258 1679 2298 sed

217 2337 469 2387 cognatione
495 2338 673 2387 quadam
703 2338 939 2379 animorum
969 2337 1083 2377 ducti
1114 2346 1232 2377 suam
1263 2337 1478 2386 recerunt,
1515 2339 1563 2376 ut
1592 2345 1678 2377 una

215 2413 319 2455 haec
340 2415 391 2455 ad
411 2415 545 2465 ipsam
577 2416 707 2466 hujus
727 2415 868 2466 populi
896 2415 1077 2455 indolem
1098 2395 1197 2456 nata
1219 2394 1344 2464 atque
1364 2415 1677 2455 accommodata

216 2503 312 2537 osse
330 2493 559 2536 videretur.
611 2493 680 2535 An
701 2493 831 2544 siqui
852 2493 1025 2535 ruerunt
1043 2493 1116 2544 qul
1136 2491 1308 2544 Epicuri
1340 2496 1562 2545 praecepta
1581 2494 1675 2535 imi-

171 2617 175 2621 ,
214 2576 408 2616 tal-entur
436 2554 509 2614 eos
533 2573 585 2615 ad
607 2571 838 2615 Romanam
869 2573 1071 2615 virtutem
1100 2573 1271 2623 propius
1301 2573 1534 2618 accessisse
1565 2573 1676 2618 dice·

214 2653 337 2696 mus?
364 2650 478 2707 Quin
498 2653 573 2695 illo
591 2654 683 2704 ipso
705 2653 888 2703 saeculo,
913 2662 1043 2703 quum
1063 2651 1249 2700 Neronis
1270 2655 1314 2693 et
1332 2651 1562 2698 Domitiani
1582 2663 1676 2699 sae-

215 2732 319 2776 vitia
338 2733 575 2785 respublica
596 2733 806 2778 exstincta
828 2735 915 2785 est,
948 2732 1050 2776 haee
1080 2735 1197 2777 secta
1227 2742 1309 2778 non
1330 2741 1488 2784 paucos
1507 2733 1673 2790 genuit,

1341 2800 1364 2842 1
1376 2802 1394 2820 .
