1893 3155
202 322 359 373 gradus
381 300 602 368 multarum
617 350 628 369 ‚
662 320 813 369 quibus
836 318 968 363 Stoici
996 320 1181 362 numinis
1202 320 1332 361 divini
1362 321 1446 362 vim
1468 320 1668 365 definivea

205 403 332 452 runt,
365 399 579 441 notionum
600 399 720 449 quasi
743 399 856 440 scala
877 400 1078 450 quaedam
1109 400 1284 451 proponi
1303 400 1452 451 possit.
1497 397 1665 443 Omnes

206 482 343 519 autem
365 478 540 518 redeunt
560 478 609 517 ad
633 481 825 538 naturam
848 489 1109 519 communem
1139 480 1229 519 sive
1250 475 1327 536 τὴν
1347 476 1496 536 κοινὴν
1515 476 1664 538 φύσιν,

204 558 352 608 quippe
391 567 509 607 quae«
536 560 734 607 tanquam
776 559 910 598 media
953 561 1165 616 extremas
1206 568 1395 608 quasque
1433 561 1587 617 partes·
1614 558 1666 598 ad

204 638 393 677 centrum
422 636 535 677 orbis
565 637 795 688 restringat
816 640 858 678 et
888 636 1101 678 contineat
1130 636 1368 687 efficiatque
1396 646 1522 678 unam
1551 636 1666 692 iliam

204 716 555 765 consentientem,
600 717 930 767 conspirantem,
972 716 1256 757 continuatam
1282 726 1424 757 rerum
1454 716 1668 767 cognatio-

204 805 323 846 nem,
356 795 398 835 in
426 805 507 845 qua
531 796 852 837 demonstranda
881 799 923 837 et
954 796 1228 846 praedicanda
1251 793 1415 837 Stoicos
1446 795 1666 839 admodum

206 875 359 915 multos
383 875 516 915 fuisse
537 877 782 926 reperimus.

319 952 438 995 Talis
459 957 598 996 autem
621 965 749 1006 quum
771 956 1021 997 informetur
1041 957 1193 996 natura
1213 964 1371 1004 rerum,
1406 953 1527 994 facile
1547 952 1668 993 intel-

207 1033 356 1084 ligitur
376 1034 511 1084 qualis
543 1035 638 1075 inde
660 1036 857 1076 reddatur
885 1035 1041 1076 homini
1063 1035 1245 1085 dignitas
1267 1033 1486 1084 qualisque
1516 1032 1558 1073 in
1590 1031 1669 1072 hoc

209 1114 407 1154 universo
448 1114 580 1155 locus·
646 1112 909 1165 Chrysippus
950 1125 1015 1164 ap.
1050 1113 1174 1164 Diog.
1210 1111 1259 1153 L.
1296 1110 1403 1163 VII,
1438 1112 1493 1154 87
1524 1112 1669 1152 vivere

208 1202 335 1242 quum
378 1194 579 1243 praecipit
617 1194 832 1233 scientiam
875 1194 1138 1233 adhibentem
1185 1202 1327 1233 eorum
1349 1173 1477 1241 ‘quae
1517 1193 1668 1232 natura

208 1272 403 1311 eveniant
441 1281 516 1321 pro
557 1273 718 1312 ratione
758 1272 895 1311 addit:
942 1269 1053 1328 μέρη
1094 1268 1175 1327 γάρ
1217 1266 1330 1312 εἶσιν
1371 1266 1419 1311 αἱ
1459 1266 1670 1327 ἡμετέραι

212 1347 369 1407 φύσεις
388 1352 471 1408 τῆς
486 1353 567 1392 τοῦ
591 1348 711 1392 ὅλου.
763 1349 882 1391 Hanc
906 1351 1034 1400 igitur
1055 1351 1256 1391 mentium
1278 1350 1554 1391 humanarum
1575 1358 1670 1389 cuni

212 1430 399 1470 universi
432 1433 569 1470 mente
598 1430 890 1480 cognationem
919 1429 1089 1479 respicit
1116 1439 1244 1479 quum
1274 1430 1311 1483 §-
1336 1429 1392 1471 88
1421 1430 1480 1469 ita
1508 1428 1667 1478 pergit:

216 1505 375 1565 διόπερ
397 1505 524 1558 τέλος
552 1505 718 1565 γίνεται
746 1505 797 1550 τὸ
820 1503 1087 1557 ἀκολούθως
1102 1510 1170 1565 ’τῇ
1193 1505 1325 1566 φύσει
1349 1508 1422 1565 ζῆν
1444 1504 1554 1564 ὅπερ
1578 1503 1673 1549 ἐστὶ

215 1586 328 1628 κατά
354 1602 401 1642 γε
429 1584 505 1645 τὴν
534 1584 673 1629 αὑτοῦ
701 1585 777 1629 καὶ
798 1584 912 1629 κατὰ
939 1584 1018 1644 τὴν
1037 1589 1125 1627 τιῦν
1146 1584 1261 1628 ὅλων
1292 1581 1420 1628 οὐδὲν
1449 1584 1672 1643 ἐνεργοῦν-

214 1680 295 1715 τας
322 1659 383 1708 ὦν
412 1661 707 1723 ἀπαγορεύειν
738 1662 902 1708 εἴωθεν
933 1662 957 1707 ὃ
986 1663 1122 1720 νόμος
1161 1662 1185 1707 ὃ
1213 1662 1525 1722 κοινόςὸςπερ
1555 1662 1674 1707 ἐστὶν

215 1740 239 1785 ὃ
262 1739 403 1801 ὀρθὸς
430 1742 561 1801 λόγος
591 1742 667 1786 διὰ
695 1741 875 1786 πάντων
904 1741 1139 1801 ἐρχόμενος
1149 1776 1160 1797 ,
1202 1740 1225 1786 ὁ
1257 1739 1391 1794 αὐτὸς
1422 1739 1484 1785 ὧν
1506 1745 1573 1800 τῷ
1591 1740 1675 1785 Διὶ

212 1821 487 1879 καθηγεμόνι
515 1821 660 1878 τούτῳ
689 1826 766 1879 τῆς
794 1825 882 1864 τῶν
916 1817 1053 1864 ὄντων
1085 1820 1348 1880 διοικήσεως
1375 1818 1483 1865 ὄντι.
1532 1821 1675 1864 Verba

216 1901 267 1941 ad
289 1901 580 1942 declarandam
602 1899 836 1943 Stoicorum
869 1902 1118 1942 sententiam
1149 1902 1426 1954 gravissima3
1457 1902 1675 1952 inquibus

219 1982 375 2020 eminet
403 1981 476 2019 ille
496 1981 568 2029 qui
594 1982 787 2019 naturam
815 1981 857 2017 et
877 1980 1075 2019 virtutem
1105 1981 1315 2019 connectit
1347 1977 1483 2033 νόμος
1510 1976 1673 2031 κοινός,

220 2060 311 2099 sive
339 2059 410 2099 lex
433 2058 641 2099 mundana
668 2068 775 2107 quae
803 2060 851 2097 ut
880 2067 948 2097 res
977 2058 1188 2098 naturales
1218 2059 1383 2099 ordinat
1414 2062 1456 2099 et
1476 2059 1673 2110 disponit,

219 2139 278 2178 ita
310 2138 544 2178 hominihus
573 2137 785 2188 proposita
816 2138 881 2175 est
900 2146 1019 2186 quam
1050 2146 1123 2186 pro
1150 2138 1309 2179 viribus
1331 2141 1616 2189 exsequantur
1636 2140 1678 2180 et

221 2218 340 2267 quasi
371 2217 621 2267 exprimant.
669 2214 865 2265 ‚‚Hom0‚
892 2212 1058 2255 Stoicus
1088 2216 1223 2265 inquit
1250 2217 1354 2266 apud
1388 2214 1479 2258 Cic.
1505 2218 1555 2259 de
1587 2221 1674 2259 nat.

223 2296 332 2336 deor.
355 2293 411 2346 11,
439 2294 507 2346 14,
532 2295 582 2335 ad
606 2294 805 2335 mundum
836 2294 1193 2344 contemplandum
1218 2297 1258 2334 et
1288 2295 1532 2338 imitandum
1554 2299 1677 2339 natus

223 2377 309 2426 est3
350 2375 467 2415 nullo
498 2374 619 2414 modo
650 2374 889 2423 persectuS,
922 2374 994 2413 sed
1024 2377 1088 2414 est
1117 2375 1318 2424 quaedam
1347 2377 1551 2426 particula
1585 2387 1679 2428 per-

223 2454 345 2506 fecti3
383 2453 487 2494 nihil
515 2453 625 2493 enim
655 2454 721 2492 est
749 2452 791 2492 in
824 2453 933 2493 omni
956 2454 1105 2494 mundo
1126 2455 1232 2504 quod
1262 2465 1345 2497 non
1374 2466 1471 2507 pars
1493 2457 1680 2498 universi

225 2533 281 2573 sit
311 2533 393 2586 (ih.
427 2528 485 2581 ΙΙ,
518 2529 585 2581 tl,
619 2534 656 2581 §-
682 2528 789 2584 30);
830 2532 872 2571 in
910 2533 1060 2573 mundo
1092 2536 1230 2574 autem
1271 2537 1313 2574 et
1339 2534 1455 2574 caelo
1488 2534 1571 2585 (ib.
1603 2533 1676 2585 21,

224 2616 260 2662 ἕ.
287 2610 361 2664 56)
394 2610 510 2651 nulia
533 2619 609 2650 nec
632 2609 799 2650 fortuna
821 2620 896 2651 nec
917 2612 1143 2662 temeritas,
1177 2623 1253 2653 nec
1275 2613 1428 2653 erratio
1449 2623 1526 2653 nec
1546 2614 1682 2653 varie—

229 2692 291 2730 tas
323 2691 433 2730 inest
466 2691 695 2738 contraque
727 2690 860 2730 omnis
893 2692 1017 2743 ordo,
1049 2693 1228 2743 veritas,
1264 2693 1385 2744 ratio,
1421 2692 1678 2746 constantia3
