1893 3155
700 245 1181 290 -38-..

211 382 299 414 rem
329 372 464 413 nostri
493 350 535 410 et
562 368 780 409 caritatem
807 368 867 409 ita
897 378 1073 420 prorsus
1102 371 1150 410 ut
1180 367 1281 410 nihil
1312 367 1537 419 quidquam
1568 369 1685 408 esset

213 453 354 495 carius
374 450 628 502 pensiusque
658 448 780 490 nobis
806 458 931 500 quam
963 452 1128 492 nosmet
1157 449 1252 502 ipsi.
1307 448 1449 500 Atque
1480 449 1558 490 1100
1588 457 1684 490 0550

212 532 527 572 fundamentum
558 531 651 569 rata
672 532 738 570 est
759 531 1075 571 conservandae
1095 515 1308 572 11011111111111
1331 530 1624 581 perpetuitatis
1645 529 1683 569 si
1725 578 1727 581 Ι

210 610 500 659 unusquisque
532 611 725 651 nostrum
759 610 884 651 simul
915 613 1040 661 atque
1071 611 1208 652 editus
1238 610 1348 651 soret
1385 610 1532 651 harum
1563 609 1683 660 prius

207 699 347 731 rerum
370 698 539 730 sensum
563 689 907 740 affectionemque
939 694 1107 741 caperet
1127 701 1235 741 quae
1263 701 1286 730 a
1308 690 1522 731 veteribus
1551 687 1684 738 philo-

210 770 351 821 sophis
380 765 437 811 τά
468 770 628 825 πρῶτα
660 766 775 811 κατὰ
797 766 935 827 φύσιν
966 770 1172 820 appellata
1195 772 1296 811 sunt
1317 772 1365 810 ut
1384 750 1578 810 omnibus
1600 768 1681 809 sci-

207 850 308 890 licet
328 848 515 898 corporis
538 849 604 888 sui
626 849 857 889 commodis
872 849 1092 900 gauderet,
1115 850 1167 889 ab
1188 848 1466 889 incommodis
1487 848 1683 888 omnibus

210 930 508 970 abhorreret.“
542 927 621 969 Hic
644 931 691 970 ut
713 929 898 969 diximus
921 932 1111 979 apertum
1144 931 1210 969 est
1231 928 1565 969 conservationis
1591 930 1681 968 stu-

212 1010 326 1051 dium
348 1009 485 1050 solum
506 1009 657 1050 referri
690 1009 740 1049 ad
769 1005 825 1050 τὰ
846 1009 1006 1065 πρῶτα
1027 1010 1106 1066 τῆς
1134 1004 1334 1067 φύσεως,
1366 1008 1426 1049 ita
1448 1009 1587 1049 autem
1610 1016 1681 1058 ap-

213 1089 359 1139 pellari
390 1100 436 1129 ea
470 1099 577 1138 quae
605 1089 844 1129 necessaria
876 1091 919 1128 et
948 1088 1239 1128 convenientia
1280 1088 1366 1128 sint
1395 1087 1444 1127 ad
1476 1087 1680 1127 constitu-

212 1170 368 1209 tionem
407 1169 621 1219 corporis;
667 1179 792 1217 quum
834 1168 1062 1208 seeundum
1101 1166 1332 1218 Diogenem
1374 1168 1464 1218 ipsa
1504 1167 1682 1208 rationis

212 1250 413 1298 majestas
452 1251 493 1288 et
534 1248 751 1297 imperium
795 1247 938 1286 eodem
968 1247 1175 1296 principio
1203 1247 1388 1298 nitatur3
1428 1255 1680 1296 quamquam

211 1329 432 1379 praecipua
465 1327 513 1368 ad
557 1336 709 1377 corpus
750 1325 898 1367 relatio
936 1326 1061 1366 etiam
1101 1326 1209 1376 apud
1249 1326 1360 1367 hunc
1400 1326 1677 1376 immiscetur,

212 1417 340 1459 quum
370 1407 489 1448 dicit:
536 1402 652 1448 οὕτω
688 1405 1039 1456 (conservationis
1072 1405 1231 1461 studio)
1263 1402 1318 1447 τά
1348 1420 1396 1448 τε
1421 1400 1681 1461 βλάπτοντα

216 1487 457 1529 διωθεῖται
489 1485 565 1528 καὶ
594 1484 650 1528 τὰ
674 1482 820 1527 οἶκεῖα
853 1482 1099 1541 προςίεται.
1154 1483 1317 1526 Gellius
1338 1489 1477 1526 autem
1506 1486 1565 1525 ita
1586 1495 1680 1536 per-

216 1569 303 1618 git:
340 1566 531 1619 „Postea
561 1578 634 1617 per
662 1568 919 1607 incrementa
941 1567 1090 1607 aetatis
1112 1569 1259 1606 exorta
1281 1578 1304 1607 e
1335 1567 1564 1607 seminibus
1587 1566 1680 1607 suis

216 1647 324 1687 ratio
351 1649 416 1687 est
437 1649 479 1687 et
499 1646 642 1687 utendi
665 1645 829 1685 consilii
850 1646 1059 1695 reputatio
1081 1648 1123 1685 et
1147 1645 1380 1686 honestatis
1402 1645 1681 1696 utilitatisque

215 1736 338 1765 verae
368 1726 660 1775 contemplatio
691 1725 967 1774 subtiliorque
1007 1727 1049 1763 et
1079 1726 1337 1774 exploratior
1368 1726 1679 1765 commodorum

214 1806 399 1846 delectus
430 1808 554 1855 atque
586 1806 641 1845 ita
673 1814 772 1854 prae
794 1805 945 1845 ceteris
977 1806 1169 1846 omnibus
1201 1805 1352 1845 enituit
1382 1808 1424 1845 et
1456 1805 1680 1856 praefulsit

214 1886 352 1926 decori
385 1888 426 1925 et
451 1885 615 1925 honesti
646 1885 855 1935 dignitas,
890 1895 938 1924 ac
968 1886 1004 1924 si
1035 1886 1070 1925 ei
1103 1885 1346 1926 retinendae
1376 1863 1680 1925 obtinendaeve

212 1966 569 2005 incommodorum
600 1965 865 2004 extrinsecus
897 1966 1059 2013 aliquod
1093 1966 1279 2005 obstaret
1307 1968 1561 2005 contemtum
1595 1968 1675 2006 est.

213 2042 366 2094 Neque
395 2043 505 2084 aliud
540 2054 633 2084 esse
661 2053 760 2083 vere
791 2045 833 2083 et
862 2043 1107 2094 simpliciter
1142 2045 1294 2085 bonum
1326 2045 1407 2085 nisi
1437 2044 1674 2096 honestum,

215 2123 327 2163 aliud
360 2123 581 2173 quidquam
624 2122 776 2163 malum
815 2123 894 2162 nisi
925 2124 1032 2173 quod
1075 2126 1196 2174 turpe
1237 2126 1351 2164 esset
1390 2124 1678 2165 existimatum

215 2206 334 2243 est.“
385 2201 629 2252 Sequuntur
661 2197 905 2260 ἀδιάφορα.
958 2201 1052 2256 Quo
1084 2215 1107 2244 e
1139 2205 1230 2244 loco
1261 2204 1498 2245 luculenter
1521 2205 1679 2254 scripto

213 2270 443 2324 certissime
475 2285 646 2333 apparet
675 2283 883 2324 hominem
927 2284 1049 2324 simul
1082 2294 1177 2325 cum
1208 2285 1371 2325 ratione
1401 2284 1541 2326 adulta
1583 2287 1676 2326 tan-

211 2372 332 2411 quam
364 2363 535 2403 alteram
568 2364 695 2403 vitam
727 2366 769 2403 et
800 2363 978 2413 'simplici
1011 2364 1345 2404 conservationis
1381 2365 1519 2404 studio
1551 2364 1678 2415 longe

209 2443 488 2483 sublimiorem
511 2443 812 2493 ingredientem
837 2443 1028 2493 cogitari.

324 2521 441 2562 Hanc
480 2533 566 2563 rem
598 2521 1008 2564 Schleiermaeherus
1044 2525 1082 2564 in
1118 2524 1429 2575 comparatione
1466 2524 1675 2565 doctrina-

208 2611 298 2642 rum
321 2602 553 2657 ethiearum
584 2604 774 2654 pluribus
804 2604 908 2645 locis
930 2604 1167 2647 luculenter
1188 2606 1353 2656 attigit,
1388 2604 1520 2645 veluti
1551 2613 1592 2653 p.
1618 2601 1675 2645 59

208 2691 332 2731 quum
355 2683 465 2725 inter
485 2684 715 2724 industriae
742 2688 1090 2737 propugnatores,
1126 2696 1232 2736 quos
1253 2685 1296 2725 in
1318 2693 1481 2724 summo
1503 2683 1564 2724 rei
1585 2692 1673 2723 mo-

207 2761 307 2802 ralis
327 2762 567 2804 discrimine
597 2762 825 2813 voluptatis
856 2766 1044 2815 patronis
1067 2765 1261 2817 opponit,
1297 2757 1508 2805 intereos
1540 2762 1674 2814 igitur
