1893 3155
694 237 1176 282 *35*

207 354 327 411 Quod
376 357 703 407 promtissimum
752 343 833 399 fuit
880 360 1074 407 repetere,
1118 368 1141 398 e
1181 357 1430 408 gradatione
1480 356 1666 396 animan-

136 448 143 456 *
207 435 326 477 tium.

322 513 457 558 Unius
479 517 661 567 spiritus
675 526 750 568 per
780 517 919 557 omnia
941 526 1047 567 quae
1069 517 1283 557 exsistunt
1310 516 1559 566 pertinentis
1591 525 1665 577 va-

206 596 295 637 riae
315 599 414 638 sunt
444 597 671 638 secundum
694 585 858 639 Stoicos
888 599 937 637 ut
957 599 1022 637 est
1050 597 1158 647 apud
1182 594 1358 638 Sextum
1380 594 1540 648 Empir.
1565 596 1660 638 adv.

206 677 401 717 mathem.
426 675 469 727 9,
493 675 546 718 81
571 678 730 727 species
751 680 794 717 et
813 679 1008 727 tanquam
1040 676 1222 727 gradus3
1261 676 1419 726 primus
1441 676 1482 716 h.
1508 686 1546 716 e.
1570 672 1662 717 infl-

206 744 300 795 mus
331 752 445 812 ψιλὴ
477 753 566 807 ἕξις
603 759 651 796 ut
689 756 733 796 in
763 734 990 806 lapidibus,
1024 756 1235 795 secundus
1266 755 1439 795 arctiori
1470 755 1663 796 vocabuli

206 843 335 875 sensu
356 830 491 892 φύσις
521 836 609 876 sive
629 836 694 876 vis
715 835 999 885 generationis
1021 837 1062 874 et
1094 835 1334 875 nutritionis
1356 836 1403 874 ut
1424 834 1465 874 in
1487 834 1658 884 plantis,

206 914 357 954 tertius
377 910 497 970 ψυχὴ
519 917 566 954 ut
595 915 638 954 in
668 915 963 961 animantibus.
1015 911 1098 955 Sed
1117 914 1230 954 inter
1250 913 1479 954 ani-mantia
1500 916 1662 954 tantum

205 1002 231 1032 a
251 993 401 1032 ceteris
422 993 613 1032 diversus
645 996 709 1032 est
737 994 859 1032 homo
880 995 1082 1041 quantum
1110 993 1160 1031 ab
1192 987 1374 1046 ἀλόγοις
1403 990 1532 1045 ζώοις
1553 992 1664 1045 ζῶον

206 1066 384 1126 λογικόν
417 1068 549 1123 (Plut.
574 1072 624 1111 (le
654 1071 747 1112 soll.
773 1071 941 1112 animal.
965 1070 1007 1121 2,
1032 1068 1095 1123 8).
1150 1069 1228 1111 Hic
1250 1070 1381 1121 igitur
1407 1067 1538 1127 λόγος
1557 1070 1599 1111 h.
1622 1081 1661 1111 e.

205 1149 314 1189 ratio
335 1158 555 1199 supremus
576 1151 736 1190 accedit
755 1151 912 1200 gradus
934 1151 977 1189 in
1000 1159 1142 1190 eorum
1165 1160 1271 1199 quae
1293 1150 1506 1189 exsistunt
1526 1150 1661 1201 serie3

206 1228 263 1268 de
286 1237 366 1278 qua
405 1229 526 1278 plura
557 1227 733 1270 Krische
769 1229 951 1279 theolog.
986 1227 1152 1270 Lehren
1193 1229 1266 1270 der
1299 1229 1459 1279 griech.
1492 1227 1664 1270 Denker

204 1316 244 1356 p.
271 1304 370 1348 383.
664 1299 666 1301 ’

320 1384 385 1426 Ita
405 1387 514 1436 quod
535 1388 843 1437 comparatione
863 1388 1085 1437 reperitur,
1118 1387 1297 1426 hominis
1319 1387 1570 1437 peculiarem
1591 1387 1663 1427 ho-

206 1474 351 1506 norem
381 1465 425 1506 in
447 1466 611 1515 ratione
632 1467 758 1506 situm
780 1476 896 1516 esse,
930 1466 971 1505 id
994 1466 1140 1506 deinde
1162 1463 1292 1506 Stoici
1315 1466 1504 1515 pluribus
1523 1476 1665 1516 perse-

206 1545 394 1592 quuntur
414 1553 541 1593 quum
575 1544 792 1584 historiam
814 1544 1021 1594 quandam
1043 1543 1222 1584 hominis
1245 1544 1335 1585 sive
1357 1545 1449 1595 ejus
1471 1544 1564 1584 viae
1584 1554 1666 1594 qua

205 1622 257 1662 ad
277 1624 576 1671 perfectionem
596 1627 773 1663 naturae
802 1625 1001 1673 procedat
1021 1625 1276 1663 describunt.
1322 1621 1461 1675 Quum
1484 1625 1594 1663 enim
1616 1635 1665 1663 eo

206 1702 505 1744 contenderent
529 1705 573 1743 ut
594 1704 665 1743 uni
686 1703 838 1744 rationi
859 1702 1137 1753 principatum
1154 1703 1428 1754 vindicarent,
1453 1705 1663 1753 promtum

206 1780 288 1820 fuit
307 1781 356 1820 ad
386 1781 799 1821 animadvertendum
830 1781 954 1820 talem
984 1781 1193 1826 hominem
1223 1790 1304 1820 non
1336 1781 1451 1820 nasci
1475 1791 1550 1820 nec
1572 1781 1663 1821 fleri

206 1860 297 1899 sine
328 1860 607 1899 contentione.
658 1859 799 1900 Locus
830 1861 881 1899 ad
913 1871 1077 1899 omnem
1098 1860 1357 1908 disciplinam
1384 1861 1663 1908 gravissimus

206 1946 327 1989 quem
361 1948 443 1979 non
473 1938 565 1980 sine
585 1938 789 1980 varietate
809 1938 987 1989 quadam
1020 1938 1254 1980 sententiae
1282 1937 1545 1980 tradiderunt
1572 1939 1664 1980 bre-

206 2018 312 2077 vius]
333 2016 455 2070 Diog.
488 2016 539 2060 L.
566 2015 661 2069 VII,
686 2016 741 2060 85
774 2020 817 2058 et
848 2015 1010 2059 Gellius
1039 2015 1095 2059 N.
1120 2017 1174 2058 A.
1208 2015 1308 2069 XII,
1341 2016 1383 2069 5,
1407 2016 1461 2069 7,
1496 2017 1664 2059 uberius

207 2095 358 2139 Cicero
389 2100 431 2138 in
463 2099 491 2137 l.
518 2096 580 2137 111
608 2098 657 2137 de
687 2099 758 2137 fin.
791 2101 910 2146 parte
939 2080 1095 2147 prima3
1130 2098 1201 2145 qui
1234 2098 1519 2137 diversitatem
1541 2108 1665 2146 quam

207 2177 322 2218 cerni
353 2186 525 2218 necesse
555 2176 636 2217 suit
662 2176 774 2217 inter
804 2176 885 2217 duo
916 2175 1009 2215 viae
1037 2175 1152 2216 illius
1181 2176 1338 2226 spatia,
1375 2175 1663 2226 imperfectam

207 2258 385 2296 aetatem
407 2258 450 2296 et
468 2255 672 2306 adultam,
706 2256 880 2305 gravius
902 2238 944 2294 et
964 2254 1201 2294 distinctius
1222 2254 1432 2305 expressit
1451 2263 1576 2304 quam
1596 2263 1662 2294 re-

206 2336 324 2386 liqui.
387 2334 509 2385 Apud
540 2333 765 2375 Stobaeum
801 2335 878 2374 hoc
908 2337 1032 2383 caput
1072 2343 1275 2382 nusquam
1316 2334 1467 2382 attingi
1508 2334 1661 2373 mirum

206 2415 337 2455 videri
365 2416 529 2464 posset,
575 2414 655 2453 nisi
694 2423 788 2453 eum
826 2406 994 2452 omnino
1025 2412 1159 2461 magis
1200 2411 1389 2461 singulas
1428 2411 1660 2452 sententias

207 2503 330 2545 quam
352 2492 639 2533 cohaerentem
660 2491 840 2542 aliquam
861 2490 1090 2531 doctrinam
1111 2490 1264 2530 sectari
1285 2492 1513 2532 constaret.

265 2621 268 2623 Α
323 2570 638 2622 simplicissima
668 2570 975 2620 argumentatio
1008 2570 1115 2617 api'id
1146 2567 1271 2619 Diog.
1304 2572 1391 2618 est,
1436 2579 1559 2618 quam
1592 2570 1660 2610 hic

129 2673 131 2675 ·
207 2653 462 2703 gravissima
482 2662 669 2703 quaeque
689 2648 957 2691 describendo
978 2650 1178 2698 repetam.
1216 2645 1305 2705 Τὴν
1324 2645 1502 2705 πρώτην
1523 2643 1661 2705 ὁρμὴν

144 2775 146 2777 ,
209 2727 261 2773 τὸ
302 2731 414 2786 ζῶον
457 2724 597 2784 ἴσχειν
641 2725 719 2772 ἐπὶ
760 2725 811 2771 τὸ
855 2726 1001 2785 τηρεῖν
1042 2721 1198 2780 ἑαυτό,
1248 2722 1499 2784 οἰκειούσης
1539 2721 1663 2785 αὖτιῖ

1327 2795 1384 2836 3*
