1893 3155
180 322 308 372 put03
339 330 464 371 quum
495 321 636 363 eadem
670 322 876 364 sententia
907 324 957 364 ab
988 323 1109 364 initio
1129 331 1326 374 magnum
1352 323 1479 373 atque
1499 321 1637 382 excel-

182 409 275 440 sum
296 401 479 441 animum
500 403 684 452 referre,
718 404 759 442 in
782 403 898 442 exitu
921 403 970 442 ad
992 404 1161 442 humilia
1192 413 1323 453 paene
1344 402 1482 443 studia
1499 402 1636 442 dela-hi

180 480 451 531 reperiretur.
495 479 615 536 Quod
638 483 673 524 si
695 483 792 534 quid
812 483 902 524 veri
924 483 1115 534 suspicor
1133 484 1175 524 in
1198 483 1339 524 multis
1360 483 1502 545 exsenit
1520 482 1635 534 prin-

181 559 301 610 cipiis
322 570 428 610 quae
448 565 659 603 vocantur
671 562 966 613 philosophicis
987 565 1035 602 ut
1050 562 1256 603 diversam
1278 552 1455 613 speciem
1479 564 1521 603 et
1540 564 1634 603 tan-

180 649 302 690 quam
333 641 482 683 faciem
512 644 736 693 praebeant
756 652 883 693 quum
912 653 936 682 a
957 643 1113 693 primae
1141 643 1419 692 susceptionis
1441 645 1483 683 et
1503 652 1631 694 quum

178 709 204 759 a
223 720 566 770 consequentium
598 722 844 771 placitorum
865 725 982 772 parte
1003 724 1258 772 spectentur.
1308 720 1420 763 Nam
1440 722 1503 763 uti
1525 722 1572 763 nt
1592 722 1630 762 si

177 798 276 848 quid
297 799 550 857 cogitatione
565 801 806 852 conceperis
825 801 865 842 id
887 802 1018 852 primo
1038 802 1080 842 in
1098 802 1248 842 linibus
1268 804 1463 843 versatur
1483 811 1631 852 parum

177 859 508 929 circumscriptis
537 882 580 920 et
607 883 825 930 propterea
864 865 994 921 multo
1026 880 1168 931 plures
1207 881 1373 921 habebit
1398 860 1631 921 assentien-

178 961 243 1000 tes
257 989 269 1010 ,
299 943 425 1009 vquam
446 962 715 1010 posteaquam
735 960 983 1010 procedente
1004 961 1256 1010 cogitatione
1281 961 1325 1000 in
1348 961 1567 1001 certiorem
1589 963 1633 1000 et

178 1038 465 1089 augustiorem
487 1038 735 1080 sententiam
756 1039 943 1080 cesserit.
993 1036 1114 1093 Quod
1141 1039 1184 1080 in
1208 1036 1362 1081 Stoicis
1382 1042 1430 1081 ut
1460 1049 1541 1081 usu
1560 1049 1632 1080 ve-

176 1118 288 1160 niret
315 1118 539 1170 peculiaris
568 1128 696 1160 causa
727 1119 919 1161 accessit.
983 1116 1102 1173 Quod
1132 1119 1241 1160 enim
1279 1119 1532 1170 praecipitur
1558 1130 1632 1161 na-

176 1200 297 1239 turae
322 1193 621 1239 convenienter
647 1196 871 1240 vivendum
902 1208 1020 1250 esse,
1052 1199 1095 1239 id
1118 1201 1207 1250 jam
1235 1208 1362 1250 supra
1391 1199 1629 1240 monuimus

176 1288 260 1319 non
281 1279 323 1319 in
347 1289 393 1319 se
414 1279 655 1321 conclusum
678 1290 772 1320 esse
793 1280 865 1320 sed
886 1282 1026 1329 aptum
1048 1279 1099 1318 ah
1120 1279 1234 1319 illius
1255 1279 1304 1319 ad
1327 1289 1448 1330 quam
1470 1280 1629 1320 resera·

176 1361 249 1400 tur
267 1361 445 1400 naturae
466 1360 650 1409 notione,
674 1369 795 1409 quam
817 1359 986 1410 perinde
1006 1361 1131 1409 atque
1150 1359 1444 1400 informaveris
1465 1360 1632 1400 diversa

122 1459 125 1461 -
174 1438 378 1479 efficietur
396 1438 532 1488 ipsius
553 1437 744 1489 principii
766 1439 989 1479 sententia.
1043 1436 1159 1478 Duas
1181 1439 1314 1489 igitur
1343 1439 1466 1479 etiam
1486 1439 1529 1479 in
1551 1439 1629 1479 hac

175 1519 486 1559 examinatione
516 1518 748 1559 sententias
770 1517 1095 1568 distinguamUS‚
1129 1519 1367 1568 generalem
1388 1519 1567 1568 priorem
1588 1521 1632 1559 et

176 1608 300 1649 quam
323 1609 347 1639 a
368 1599 571 1649 principio
592 1600 830 1648 conceptam
852 1601 1061 1648 putamus,
1085 1600 1356 1648 posteriorem
1377 1599 1630 1649 peculiarem

175 1680 219 1719 et
239 1688 262 1719 e
282 1680 398 1720 certa
418 1680 595 1719 naturae
616 1677 784 1718 notione
805 1676 1030 1717 definitam.

290 1756 411 1812 Quod
442 1758 575 1808 igitur
602 1766 676 1807 pro
697 1757 898 1807 principio
918 1757 1100 1806 ponitur,
1136 1759 1310 1797 naturae
1330 1757 1628 1798 convenienter

174 1838 316 1879 vivere
344 1838 385 1878 id
418 1840 502 1878 tam
524 1837 607 1877 late
636 1836 818 1886 pertinet
846 1838 894 1876 ut
914 1836 1073 1876 nullum
1102 1836 1389 1886 philosophum
1419 1836 1628 1876 exsistere

171 1918 239 1959 vel
260 1918 480 1959 exstitisse
499 1919 669 1967 putares
691 1915 762 1965 qui
783 1916 1037 1956 contrarium
1061 1916 1139 1955 sibi
1159 1916 1323 1965 placere
1342 1916 1624 1965 profiteretur.

171 1995 283 2052 Quid
313 1998 424 2039 enim
463 1996 601 2047 majus
639 1994 813 2046 cogitari
844 1994 996 2045 quidve
1038 1994 1216 2045 amplius
1254 1995 1410 2038 homini
1449 1995 1632 2046 praecipi

170 2080 310 2130 potest
329 2088 452 2128 quam
474 2077 552 2116 hoc
580 2078 628 2116 ut
648 2085 719 2115 eas
741 2074 856 2124 leges
877 2085 900 2114 e
921 2075 1072 2124 quibus
1106 2075 1351 2114 universum
1372 2076 1631 2116 consitutum

172 2161 240 2200 est
267 2158 456 2199 imitetur
483 2155 674 2206 quodque
702 2163 754 2194 ex
786 2153 852 2193 his
881 2153 1044 2204 legibus
1072 2153 1122 2194 ad
1152 2163 1198 2193 sc
1226 2154 1436 2203 pertinere
1474 2164 1630 2196 munus

128 2244 131 2246 ’
171 2237 440 2296 intellexerit⁸
457 2236 497 2276 id
529 2235 731 2284 suscipiat
760 2236 802 2274 et
831 2236 1087 2283 exsequatur
1116 2233 1205 2273 sive
1226 2235 1273 2273 ut
1297 2233 1339 2273 id
1368 2234 1557 2284 perficiat
1578 2235 1630 2275 ad

173 2318 282 2369 quod
314 2328 338 2357 a
369 2316 510 2356 divina
543 2315 759 2354 voluntate
788 2313 1020 2353 destinatus
1051 2315 1141 2353 est?
1179 2310 1243 2352 Ita
1281 2313 1389 2353 enim
1420 2315 1462 2352 et
1498 2310 1630 2354 Stoici

171 2390 276 2440 illud
307 2394 568 2446 interpretati
600 2395 700 2434 sunt
728 2402 804 2433 nec
825 2392 1043 2442 quisquam
1073 2391 1195 2432 aliter
1217 2391 1385 2432 omnino
1406 2393 1450 2431 et
1471 2392 1630 2433 rectius

172 2473 458 2530 explicaverit.
496 2472 701 2528 Quoniam
724 2474 863 2513 autem
884 2472 1090 2521 cujusque
1110 2472 1169 2512 rei
1192 2462 1424 2522 proprietas
1449 2472 1631 2513 maxime

97 2540 99 2542 Ι
170 2559 359 2601 cernitur
388 2565 516 2607 quum
546 2553 806 2603 componitur
835 2561 930 2592 cum
967 2551 1201 2602 contraria,
1241 2560 1492 2601 quaeramus
1530 2561 1629 2592 num

168 2639 337 2681 omnino
357 2639 399 2679 et
419 2637 456 2679 si
477 2645 558 2688 qua
578 2633 712 2685 qualis
733 2632 861 2674 statui
888 2632 1020 2683 possit
1040 2632 1206 2673 vivendi
1226 2632 1371 2683 regula
1391 2641 1497 2682 quae
1516 2631 1633 2673 huic-

169 2719 358 2771 opposita
383 2718 451 2759 sit.
513 2714 717 2758 Videmur
736 2714 873 2754 autem
895 2721 1022 2763 quum
1050 2712 1227 2763 primum
1250 2722 1299 2753 eo
1319 2712 1360 2753 in
1383 2712 1469 2752 vila
1490 2721 1635 2763 perve-
