1893 3155
184 359 406 398 inter-eam
428 364 534 406 quae
564 356 702 396 minus
723 358 766 394 ct
786 365 877 395 eam
900 364 1006 404 quae
1036 354 1170 404 magis
1191 354 1363 395 delinita
1394 357 1474 396 est.
1518 352 1643 396 Simi-

185 437 284 479 liter
310 447 352 488 p.
379 433 484 477 1322
519 431 635 493 φασὶ
669 430 747 491 τὴν
787 427 944 491 ἀρετὴν
973 434 1125 476 πᾶσαν
1153 429 1230 491 τὴν
1259 422 1367 492 περὶ
1396 428 1643 493 ἄνθρωπον

183 514 261 558 καὶ
287 512 363 571 τὴν
383 509 672 566 εὐδαιμονίαν
703 509 815 569 ζωὴν
844 507 1096 554 ἀκόλουθον
1124 508 1342 568 ὑπάρχειν
1369 512 1448 555 καὶ
1477 499 1643 568 ὁμολο-

183 591 394 650 γουμένην
422 589 556 650 φύσει
585 593 628 632 in
653 592 806 641 quibus
838 587 924 647 ζωὴ
957 585 1211 640 ἀκόλουθος
1238 592 1383 633 eadem
1421 596 1488 633 est
1519 597 1644 643 atque

183 682 310 723 supra
342 667 366 713 ὁ
394 667 496 726 βίος
526 666 902 726 ὁμολογούμενος,
943 670 1053 718 vita,
1103 673 1149 711 ut
1178 680 1274 711 cum
1305 668 1466 713 Seneca
1496 682 1561 723 ep.
1586 670 1645 715 89

181 753 426 803 loquamur,
458 752 538 792 sibi
566 760 756 792 concors.
810 747 890 790 Hic
922 749 1057 790 virtus
1079 750 1304 803 (leflnitur3
1338 752 1490 803 quippe
1508 751 1643 794 virtu—

182 836 265 873 tem
305 842 328 872 e
355 831 559 882 principio
595 830 759 871 definiri
795 839 967 870 necesse
999 833 1115 882 erat3
1157 832 1424 880 quamobrem
1466 832 1667 876 addatur·
1712 845 1718 851 ·

181 913 313 953 altera
333 911 522 961 ejusdem
539 910 764 960 descriptio
785 919 850 959 ap.
877 906 994 951 Stob.
1020 906 1096 966 τὴν
1117 904 1274 968 ἀρετὴν
1294 904 1412 952 εἶναι
1433 907 1644 953 διάθεσιν

156 1007 159 1010 ’
183 988 422 1048 σύμφωνον
453 984 564 1046 αὐτῇ
585 986 691 1045 περὶ
723 985 827 1030 ὅλον
856 985 934 1030 τὸν
953 985 1068 1042 βίον.
1119 987 1188 1030 Ex
1216 990 1283 1031 his
1305 990 1409 1031 satis
1430 991 1644 1040 apparebit

183 1067 236 1113 τὸ
266 1066 630 1126 ὁμολογουμένως
660 1069 734 1126 ζῆν
765 1079 786 1109 a
812 1065 967 1110 Stoicis
999 1070 1235 1119 promiscue
1264 1071 1324 1110 ita
1344 1080 1419 1120 pro
1440 1070 1644 1120 principio

184 1153 228 1192 et
247 1151 329 1191 fine
349 1151 445 1200 poni
476 1152 522 1190 ut
551 1159 603 1190 ne
632 1149 896 1199 significetur
917 1149 1079 1199 quidem
1103 1159 1184 1199 quo
1206 1150 1371 1190 differat
1391 1159 1414 1190 a
1436 1150 1643 1191 sententia

182 1230 358 1280 pleniori
376 1245 385 1268 ε
421 1224 555 1286 φύσει
576 1225 940 1284 ὁμολογουμένως
960 1228 1045 1285 ζῆν.

296 1308 463 1349 Attinet
492 1311 630 1349 autem
661 1309 904 1358 priusquam
934 1308 1267 1348 convenientiam
1297 1308 1411 1349 illam
1432 1308 1643 1359 relinqua-

184 1399 277 1429 mus
306 1389 537 1438 propinqua
557 1388 761 1437 quaedam
794 1388 1003 1436 attingere
1023 1398 1129 1436 quae
1161 1388 1212 1427 ad
1238 1388 1373 1437 ipsius
1395 1389 1479 1428 vim
1511 1389 1643 1439 expli-

186 1469 358 1510 candam
390 1468 528 1508 facere
548 1467 759 1507 videntur.
811 1466 951 1516 Atque
974 1463 1123 1508 Cicero
1145 1467 1309 1515 quidem
1340 1467 1401 1508 illi
1422 1469 1643 1517 compluri-

186 1550 266 1589 bus
295 1548 398 1589 locis
419 1547 610 1597 proxime
639 1547 825 1587 annectit
845 1556 970 1597 quam
998 1549 1121 1587 vocat
1149 1547 1517 1597 opportunitatem.
1579 1546 1644 1590 De

186 1628 259 1668 fln.
283 1624 360 1677 111,
388 1625 456 1676 14,
489 1629 526 1677 ξ.
551 1623 628 1678 46:
667 1622 875 1681 „(St0ici)
904 1635 1080 1675 quorum
1108 1635 1228 1666 omne
1257 1626 1408 1667 bonum
1447 1628 1642 1668 conveni-

184 1708 299 1748 entia
329 1709 454 1757 atque
494 1706 804 1755 opportunitate
840 1706 1049 1757 finitur;⁴‘
1093 1708 1135 1745 et
1165 1714 1317 1746 rursus
1356 1707 1480 1756 paulo
1519 1711 1654 1749 antez‘

185 1784 565 1836 „quemadmodum
604 1784 892 1834 opportunitas
933 1785 1023 1836 (sic
1051 1784 1161 1824 enim
1196 1784 1453 1835 appellemus
1491 1780 1644 1828 εὐκαι-

183 1860 302 1921 ρίαν)
335 1874 417 1905 non
438 1864 485 1904 nt
514 1865 649 1913 major
668 1864 941 1914 productione
961 1864 1160 1914 temporis
1192 1864 1365 1918 (habent
1385 1866 1494 1906 enim
1518 1876 1643 1908 suum

183 1944 351 1986 modum
378 1952 651 1993 quaecunque
671 1946 902 1994 opportuna
929 1944 1145 1997 dicuntur)
1167 1944 1228 1984 sic
1249 1947 1371 1984 etc.“
1422 1939 1643 2002 Εὖκαιρία

185 2033 320 2073 neque
348 2033 373 2063 a
393 2021 583 2072 Diogene
613 2032 747 2072 neque
775 2033 799 2062 a
820 2021 1000 2065 Stohaeo
1029 2025 1400 2073 commemoratur,
1431 2023 1514 2063 nisi
1534 2024 1644 2073 quod

186 2103 252 2143 hic
273 2112 313 2153 p.
343 2100 422 2143 194
454 2101 593 2141 omnia
626 2097 961 2156 κατορθώματα
992 2104 1040 2141 ut
1072 2098 1494 2158 δικαιοπραγήματα
1525 2105 1565 2143 et
1587 2103 1643 2143 si-

187 2182 360 2232 militer,
394 2182 450 2222 ita
473 2181 598 2221 etiam
622 2174 924 2237 εὖκαιρήματα
945 2190 970 2220 a
992 2176 1147 2223 Stoicis
1167 2181 1311 2223 haberi
1331 2181 1488 2233 rescrt3
1520 2182 1645 2223 habet

183 2264 320 2302 autem
343 2264 389 2301 ut
410 2261 509 2301 mihi
529 2261 697 2302 videtur
716 2261 897 2311 aliquam
918 2261 1248 2312 ambiguitatem,
1281 2270 1407 2312 quum
1430 2264 1473 2302 et
1492 2261 1644 2313 agendi

182 2342 289 2381 ratio
310 2351 359 2381 ea
381 2350 486 2390 quae
506 2344 694 2392 tempora
715 2340 942 2391 prudenter
961 2340 1159 2390 respiciat
1179 2343 1227 2381 ut
1246 2341 1288 2381 in
1311 2341 1440 2391 priori
1462 2341 1570 2391 loco,
1601 2344 1645 2381 et

182 2421 347 2461 occasio
369 2430 491 2470 quam
512 2421 738 2471 praebeant
758 2423 944 2471 tempora
972 2422 1087 2462 recte
1108 2421 1259 2471 agendi
1280 2423 1328 2462 ut
1356 2421 1400 2461 in
1421 2420 1643 2472 posteriori

182 2501 322 2541 eodem
344 2501 546 2542 vocabulo
568 2502 854 2552 significetur,
887 2501 1066 2541 alterum
1088 2511 1172 2542 non
1193 2502 1333 2543 minus
1354 2504 1496 2551 aperte
1516 2501 1643 2541 etiam

182 2580 232 2619 de
261 2580 374 2621 offic.
399 2577 433 2630 l,
456 2579 529 2631 40,
563 2584 597 2631 g.
622 2579 705 2622 142
737 2581 808 2621 ubi
837 2583 1058 2631 postquam
1081 2581 1355 2634 (conveniens
1383 2580 1427 2620 in
1448 2580 1527 2620 hoc
1547 2587 1642 2619 cum

182 2656 361 2700 Stobaeo
391 2669 432 2709 p.
459 2657 561 2711 106)
592 2654 797 2710 εὐταξίαν
826 2661 916 2701 sive
947 2660 1194 2701 modestiam
1224 2659 1454 2700 secundum
1476 2656 1644 2700 Stoicos

183 2738 367 2779 definivit
400 2739 618 2779 scientiam
648 2748 792 2779 earum
822 2749 962 2780 rerum
992 2749 1100 2789 quae
1130 2740 1312 2788 agentur
1347 2739 1422 2778 aut
1453 2737 1645 2779 dicentur
