1893 3155
701 266 1181 314 ——25--

214 394 384 443 tionem,
415 401 537 442 quam
565 389 854 441 exposuimUS‚
887 398 972 440 qua
1001 392 1155 432 natura
1182 390 1438 442 intellig-itur
1458 389 1674 441 universa,

214 474 275 513 sic
294 472 479 512 tenuisse
499 470 681 520 videtur,
708 472 751 509 ut
773 470 1015 510 universam
1038 473 1265 521 opponeret
1283 471 1542 522 particulari.
1585 468 1676 511 Me-

215 550 423 591 morabilis
445 558 570 599 quam
590 548 668 588 hac
690 549 740 588 de
761 558 806 589 re
827 549 940 590 inter
960 552 1186 600 utrumque
1207 550 1512 591 dissensionem
1546 550 1678 591 fuisse

212 632 360 669 auctor
386 632 451 669 est
471 626 596 677 Diog.
623 625 790 676 L.·VII‚
815 627 896 669 892
933 625 1068 686 φύσιν
1099 626 1149 670 δὲ
1169 625 1444 685 Χρύσιππος
1472 626 1554 681 μὲν
1574 626 1677 679 ἐξα-

210 704 335 749 κουέι
363 699 391 765 ᾗ
413 702 679 758 ἀκολούθως
710 707 781 750 δεῖ
809 708 883 765 ζῆν
911 705 989 765 τήν
1008 723 1056 750 τε
1076 705 1226 765 κοινὴν
1254 706 1333 750 καὶ
1355 704 1483 758 ἰδίως
1501 704 1579 766 τὴν
1599 702 1677 750 ἇν-

210 783 446 844 θρωπίνην
461 802 470 812 ·
521 783 546 829 ὃ
590 785 641 830 δὲ
677 784 919 845 Κλεάνθης
957 785 1035 845 τὴν
1073 784 1225 845 κοινὴν
1271 784 1410 845 μόνην
1450 784 1678 840 ἐκδέχεται

211 862 345 924 φύσιν
369 858 398 923 ᾗ
419 861 691 909 ἀκολουθεῖν
712 866 784 908 δεῖ
816 862 965 909 οὐκέτι
995 865 1045 909 δὲ
1065 865 1143 908 καὶ
1170 863 1248 924 τὴν
1268 864 1347 909 ἐπὶ
1365 863 1540 922 μέρους.
1592 863 1676 906 Sed

209 946 317 987 haud
341 947 429 986 scio
450 957 503 987 an
524 948 596 997 qui
618 948 677 988 ita
697 948 936 988 retulerunt
956 947 1295 997 philosophorum
1316 946 1548 986 sententias
1568 944 1676 986 male

210 1026 473 1077 interpretati
496 1028 595 1068 sint.
648 1025 838 1069 Primum
871 1027 982 1068 enim
1002 1027 1155 1069 mirum
1178 1029 1244 1067 est
1263 1026 1373 1078 quod
1402 1029 1579 1067 naturae
1598 1025 1675 1066 hu—

211 1116 360 1147 manae
390 1108 432 1148 in
465 1108 673 1148 sententia
695 1104 913 1148 Cleanthis
942 1117 1089 1157 parum
1117 1107 1340 1158 respondet
1368 1102 1393 1163 ἡ
1417 1102 1494 1148 ἐπὶ
1512 1102 1676 1162 μέρους

211 1196 334 1236 quam
366 1187 504 1237 potius
535 1187 793 1237 intelligeres
825 1187 1087 1236 singulorum
1107 1186 1337 1226 hominum,
1392 1184 1553 1225 Deinde
1572 1194 1673 1225 vero

211 1276 312 1306 num
334 1266 530 1306 credibile
552 1269 618 1306 est
639 1263 881 1307 Cleanthem
912 1266 952 1305 id
975 1266 1081 1315 quod
1110 1266 1153 1305 in
1176 1266 1260 1305 vita
1282 1264 1538 1314 sequendum
1560 1257 1675 1304 esset

210 1345 300 1385 sola
321 1346 362 1385 in
386 1346 582 1386 universa
604 1349 755 1386 natura
773 1346 982 1395 posuisse,
1007 1346 1229 1385 humanam
1252 1345 1530 1395 separavisse,
1556 1354 1674 1394 prae-

211 1425 356 1464 sertim
378 1434 506 1474 quum
541 1427 728 1466 ceterum
748 1435 771 1464 e
793 1422 1033 1465 Stoicorum
1065 1425 1273 1464 sententia
1304 1425 1464 1473 species
1486 1433 1674 1473 quaeque

213 1505 438 1554 generibus
460 1505 551 1545 suis
573 1505 895 1545 contineantur?
926 1501 1009 1557 Qui
1039 1505 1206 1544 tandem
1236 1504 1414 1544 humana
1437 1506 1588 1544 natura
1610 1512 1673 1543 re-

214 1586 327 1623 mota
359 1583 491 1624 ullum
529 1584 733 1624 deducere
773 1584 910 1634 potuit
948 1583 1156 1623 officium?
1192 1582 1303 1623 Nam
1344 1584 1380 1623 si
1411 1580 1674 1633 Chrysippus

212 1662 436 1703 universae
457 1665 631 1704 naturae
654 1663 847 1714 adjungit
867 1663 1104 1714 humanam,
1130 1672 1212 1703 non
1233 1663 1283 1703 ad
1307 1663 1516 1704 diversum
1537 1671 1673 1713 genus

211 1752 257 1781 se
277 1742 418 1790 vertit,
443 1743 515 1781 sed
537 1743 671 1793 ipsius
693 1744 917 1782 universae
937 1746 1114 1783 naturae
1140 1743 1434 1792 contemplatio
1455 1743 1504 1782 ad
1527 1742 1673 1783 huma-

209 1832 303 1862 nam
327 1824 374 1862 ut
395 1831 501 1871 quae
522 1833 575 1863 ex
607 1823 678 1863 illa
710 1824 943 1864 manaverit
973 1823 1167 1874 progredi
1192 1824 1326 1874 jubet.
1389 1820 1669 1876 Quamobrem

209 1901 397 1951 equidem
421 1902 611 1951 suspicor
632 1898 878 1943 Cleanthem
898 1903 990 1943 ideo
1010 1903 1185 1953 gravius
1207 1901 1411 1943 extulisse
1431 1902 1672 1944 universam

210 1983 418 2028 naturam,
443 1983 491 2020 ut
511 1991 632 2020 omne
653 1983 720 2021 sul
743 1983 926 2022 studium
951 1992 975 2021 a
995 1983 1154 2022 virtute
1171 1984 1349 2030 arceret,
1374 1992 1458 2021 non
1480 1985 1673 2022 naturam

211 2060 435 2099 humanam
464 2060 658 2111 omnino,
700 2070 828 2109 quum
859 2070 960 2100 vero
992 2057 1255 2110 Chrysippus
1292 2062 1435 2109 postea
1468 2060 1671 2110 duplicem

211 2142 400 2180 naturam
425 2140 590 2180 acutius
612 2140 891 2191 distinxisset,
916 2141 1170 2190 posteriores
1192 2140 1269 2180 hoc
1291 2143 1435 2181 contra
1455 2137 1673 2182 Cleanthis

209 2219 458 2259 sententiam
481 2219 636 2260 dictum
658 2222 844 2270 putasse.

319 2297 607 2341 Nihilominus
628 2310 901 2351 progressum
923 2301 1130 2351 quendam
1152 2301 1368 2341 doctrinae
1389 2301 1500 2341 inter
1520 2296 1672 2342 Clean-

207 2379 315 2419 them
349 2382 390 2419 et
422 2376 705 2430 Chrysippum
737 2381 1013 2421 animadverti
1054 2390 1136 2421 non
1169 2381 1426 2432 negaverim.
1476 2378 1673 2421 Profecto
1703 2395 1709 2400 ·

204 2459 312 2499 enim
335 2456 562 2499 Cleanthes
585 2470 843 2501 communem
875 2463 1069 2501 naturam
1100 2461 1284 2501 maxime
1305 2471 1395 2501 eam
1418 2460 1673 2501 informasse

202 2539 391 2589 videtur,
434 2539 501 2579 cui
534 2542 703 2589 propter
733 2540 1042 2590 praevalentem
1078 2541 1306 2591 potentiam
1339 2540 1549 2580 hominem
1579 2548 1673 2593 sepe

203 2621 334 2660 totum
368 2619 534 2660 tradere
555 2624 760 2669 oporteat.
814 2619 1099 2662 Particularia
1129 2621 1269 2661 omnia
1301 2619 1519 2669 exstingui
1539 2618 1674 2659 voluit

201 2708 300 2748 prae
329 2699 556 2740 universae
586 2702 762 2740 naturae
787 2702 886 2750 jure
908 2704 950 2741 et
970 2702 1209 2752 majestate.
1263 2696 1390 2739 Ratio
1410 2697 1611 2748 religiosa
1630 2699 1673 2737 et

202 2786 308 2825 quae
329 2779 492 2819 animos
514 2779 729 2819 hominum
749 2790 919 2821 severos
941 2781 1115 2821 reddere
1130 2780 1277 2820 debeat
1297 2781 1340 2819 et
1361 2778 1475 2828 pios3
1499 2785 1671 2817 severos
