1893 3155
905 941 941 988 ς.
971 935 1009 977 1.

314 1065 384 1132 In
421 1080 657 1132 litterarum
689 1091 924 1132 eruditione
952 1100 1081 1141 quum
1125 1092 1211 1131 sint
1239 1091 1368 1131 multa
1411 1091 1453 1129 et
1491 1100 1657 1141 magna,

196 1181 304 1222 quae
334 1174 478 1212 nostra
507 1174 624 1212 aetas
656 1170 1123 1221 superioribusmelius
1152 1170 1410 1221 instituerit,
1443 1173 1533 1211 tum
1553 1170 1660 1211 illud

195 1260 360 1307 quoque
380 1250 520 1301 magni
541 1250 776 1290 faciendum
798 1258 964 1300 censeo,
989 1249 1100 1299 quod
1119 1249 1162 1289 in
1183 1249 1354 1299 generis
1375 1248 1546 1289 humani
1574 1258 1659 1289 me-

194 1331 329 1371 moria
357 1329 582 1380 repetenda
612 1329 720 1369 haud
760 1338 892 1378 pauca
929 1331 1165 1378 temporum
1194 1329 1352 1379 spatia,
1398 1338 1505 1378 quae
1535 1330 1660 1369 antea

195 1411 405 1451 contemta
436 1419 486 1450 ac
514 1417 645 1459 paene
665 1407 829 1448 occulta
858 1408 1118 1458 jacuissent,
1152 1407 1220 1448 vel
1241 1407 1486 1458 diligentius
1515 1407 1659 1459 explo-

195 1489 281 1530 rari
294 1489 369 1534 „vel
388 1489 532 1530 verius
557 1488 740 1538 judicari
772 1489 918 1537 coepta
947 1489 1061 1527 sunt.
1115 1483 1235 1540 Quae
1256 1487 1364 1528 enim
1395 1490 1444 1528 ut
1469 1498 1495 1528 a
1514 1487 1660 1528 melio·

193 1577 289 1610 rum
309 1571 542 1620 temporum
563 1566 758 1608 laudibus
785 1566 986 1607 inclinata
1007 1566 1111 1608 nihil
1141 1569 1309 1617 praeter
1337 1567 1452 1618 ipsas
1472 1567 1659 1609 omnium

192 1649 396 1688 bonarum
417 1649 571 1687 artium
593 1647 738 1686 ruinas
760 1646 957 1686 exhihere
977 1647 1212 1686 inveterata
1236 1647 1371 1686 adhuc
1392 1649 1532 1698 opinio
1553 1649 1658 1688 mis-

187 1729 293 1788 set„
317 1737 367 1767 ea
387 1737 440 1768 ne
467 1728 558 1777 ipsa
580 1725 746 1776 quidem
767 1734 846 1766 sua
866 1734 915 1766 ac
942 1726 1110 1776 propria
1130 1725 1254 1767 laude
1275 1736 1420 1768 carere
1440 1727 1657 1777 reperiun-

193 1807 278 1856 tur,
303 1807 351 1846 ut
365 1806 453 1855 jam
475 1814 610 1856 genus
627 1804 865 1845 mortalium
886 1813 910 1844 a
931 1813 1127 1855 supremo
1147 1807 1311 1845 rectore
1331 1805 1449 1851 nullo
1468 1808 1659 1857 tempore

129 1939 131 1941 v
192 1884 404 1925 desertum
426 1884 493 1924 vel
522 1884 761 1934 neglectum
793 1885 950 1925 certius
972 1884 1182 1924 confidere
1212 1887 1256 1925 et
1275 1894 1358 1934 qua
1378 1886 1447 1926 via
1467 1886 1520 1926 ad
1542 1896 1657 1927 sum-

192 1973 306 2004 mum
326 1963 429 2005 illud
446 1964 614 2014 bonum,
639 1963 749 2013 quod
771 1973 936 2014 semper
954 1963 1116 2014 petivit,
1140 1973 1215 2013 per
1233 1965 1390 2014 gradus
1406 1965 1653 2016 adducatur,

191 2043 577 2093 clai-iussuspicari
598 2052 716 2083 mens
737 2042 904 2082 audeat.
949 2039 1071 2095 Quod
1091 2045 1139 2083 ut
1159 2043 1211 2083 ad
1233 2053 1325 2084 eam
1346 2047 1525 2085 aetatem
1549 2045 1656 2086 rere-

190 2132 350 2172 ramus,
384 2122 428 2163 in
448 2130 572 2172 quam
592 2121 712 2162 nobis
733 2120 985 2162 descendere
1004 2122 1047 2162 in
1068 2121 1206 2162 animo
1226 2125 1306 2174 est,
1339 2123 1448 2174 apud
1469 2121 1657 2167 Graecos

191 2202 228 2243 si
249 2202 370 2253 quasi
391 2202 559 2252 quidam
580 2201 772 2242 cardines
800 2210 941 2242 rerum
964 2201 1144 2242 faciendi
1175 2204 1295 2250 sunt,
1328 2205 1425 2253 post
1444 2203 1654 2248 Aristote-

189 2281 272 2323 lem
291 2284 335 2322 et
355 2282 426 2333 qui
446 2283 497 2323 ab
517 2282 591 2323 illo
611 2282 832 2323 institutus
853 2281 904 2322 ad
925 2281 1132 2331 agendum
1160 2282 1341 2321 accessit
1361 2280 1651 2325 Alexandrum

188 2360 291 2402 nihil
312 2361 401 2401 rere
429 2362 571 2412 magni
592 2361 660 2402 vel
680 2361 790 2411 quod
821 2360 1083 2410 superiorum
1112 2360 1414 2411 praestantiam
1443 2362 1649 2413 adaequa-

187 2442 276 2491 ret,
310 2440 354 2481 in
374 2440 509 2481 lucem
529 2440 734 2491 prodiisse
755 2439 850 2489 quis
879 2441 945 2479 est
965 2439 1064 2488 quin
1093 2449 1117 2479 e
1138 2440 1317 2480 traditae
1347 2440 1474 2482 istius
1504 2442 1651 2483 existi-

187 2519 385 2569 mationis
424 2519 631 2561 sententia
671 2518 909 2570 acceperit?
956 2515 1020 2559 Ac
1060 2519 1249 2570 profecto
1262 2550 1273 2571 ‚
1325 2530 1504 2571 quorum
1542 2521 1652 2564 alter

187 2608 333 2640 omnes
373 2609 478 2650 quos
519 2600 757 2650 superiores
796 2599 1062 2649 aperuissent
1101 2599 1303 2640 scientiae
1343 2600 1481 2641 fontes
1521 2602 1651 2643 unius

187 2681 308 2733 quasi
329 2681 476 2722 oceani
506 2681 687 2723 circuitu
707 2679 944 2732 amplexus,
981 2660 1113 2732 alter,
1150 2690 1234 2731 quo
1255 2680 1513 2724 fortissimus
1534 2679 1651 2734 quis-

1346 2747 1365 2788 l
