1893 3155
714 267 844 274 ,-
919 237 1191 284 30.—

222 366 264 404 et
284 372 424 405 rerum
446 363 685 411 ordinem‚“
713 360 793 401 nisi
817 360 926 411 quod
950 359 1124 401 daemon
1145 359 1218 401 ille
1238 369 1388 401 revera
1407 360 1459 402 ad
1479 354 1685 412 personae

221 444 399 494 speciem
429 443 679 483 informatur
710 443 752 481 et
781 438 1075 482 Reinholdium
1107 441 1152 482 in
1186 441 1285 481 hist.
1321 439 1421 491 phil.
1454 441 1527 491 qui
1555 450 1683 492 quum

221 523 458 562 daemonem
482 521 787 570 interpretatur
819 521 1027 571 „genium
1049 521 1293 561 individui“
1323 521 1418 570 plus
1449 521 1547 562 mihi
1571 521 1685 562 vide-

219 603 290 641 tur
317 600 501 641 tribuere
531 599 775 650 particulari
806 601 901 650 ejus
932 600 1047 650 genii
1084 601 1265 640 naturae
1292 609 1415 650 quam
1445 597 1578 642 Stoici
1609 599 1685 641 tri-
1709 642 1712 645 ,

185 703 187 705 v
218 681 412 719 buerunt.
466 678 596 729 Viget
621 680 694 719 ille
715 680 880 729 quidem
913 679 1144 728 singularis
1166 679 1208 718 in
1232 679 1429 729 singulis,
1462 680 1533 719 sed
1555 680 1615 719 ita
1637 682 1686 720 ut

218 761 483 810 potissimum
514 761 751 801 universam
784 763 960 800 naturae
990 759 1196 799 humanae
1226 759 1488 801 divinitatem
1517 771 1685 811 reprae-

218 842 369 881 sentet.
423 837 559 893 Quam
582 837 714 881 Stoici
736 849 860 890 saepe
881 839 1070 890 graviter
1090 840 1133 879 et
1152 838 1389 880 luculenter
1407 839 1685 890 praedicando

218 921 412 961 efferunt.
458 918 661 961 Antonin.
695 917 751 971 ΙΙ,
777 919 828 961 1:
863 913 1109 976 ἅνθρωπος
1137 915 1305 972 κόσμου
1334 915 1470 975 μέρος
1498 916 1576 980 καὶαῖ
1602 921 1686 961 τοῦ

221 999 499 1048 διοικοῦντος
527 995 604 1041 τὸν
631 996 799 1053 κόσμον
832 994 1074 1055 ἆπόρροια.
1126 996 1288 1040 Seneca
1318 1009 1383 1048 ep.
1417 997 1497 1039 66:
1540 1000 1685 1049 „ratio

220 1065 325 1120 nihil
355 1079 466 1121 aliud
490 1082 556 1120 est
576 1089 701 1129 quam
730 1080 774 1120 in
807 1089 959 1129 corpus
980 1079 1208 1119 humanum
1237 1087 1334 1128 pars
1356 1078 1685 1135 divini-spiritus

220 1152 423 1209 mersa'';“
464 1158 522 1198 id.
547 1159 707 1199 consol.
738 1158 787 1197 ad
811 1157 931 1198 Helv.
955 1157 1004 1199 8:
1038 1157 1256 1208 „Animus
1284 1157 1587 1207 contemplator
1612 1158 1685 1198 ad-

220 1239 473 1287 miratorque
495 1237 638 1277 mundi
659 1247 757 1287 pars
778 1238 871 1286 ejus
892 1237 1309 1287 magnificentissima
1324 1241 1375 1287 ;“
1399 1246 1461 1286 ep.
1475 1235 1557 1278 92:
1585 1239 1685 1288 „to-

219 1319 309 1357 tum
329 1316 407 1357 hoc
428 1326 509 1366 quo
531 1317 796 1357 continemur
818 1318 860 1356 et
876 1324 1006 1356 unum
1028 1318 1093 1356 est
1113 1318 1155 1356 et
1176 1316 1278 1357 deus
1301 1318 1342 1357 et
1373 1317 1478 1357 socii
1498 1317 1592 1367 ejus
1613 1326 1685 1358 su-

221 1406 313 1436 mus
328 1407 376 1437 ac
398 1398 606 1445 membra:
633 1401 734 1467 “ep.
750 1394 826 1436 41:
854 1406 1011 1446 „sacer
1031 1396 1141 1436 intra
1166 1407 1242 1436 nos
1265 1397 1439 1446 spiritus
1461 1397 1579 1437 sedet
1598 1407 1685 1437 ma-

222 1476 358 1516 lorum
379 1476 662 1524 honorumque
684 1474 924 1515 nostrorum
944 1475 1191 1515 observator
1212 1478 1254 1515 et
1274 1478 1418 1515 custos
1433 1491 1445 1526 3
1463 1500 1516 1506 --
1540 1500 1591 1506 -
1615 1476 1686 1516 ille

225 1555 296 1596 dat
324 1555 500 1595 consilia
528 1554 749 1604 magnifica
781 1557 822 1595 et
853 1556 1018 1605 erecta:
1050 1554 1093 1594 in
1127 1564 1377 1605 unoquoque
1406 1555 1592 1596 virorum
1615 1556 1685 1596 bo-

224 1644 399 1684 norum,
433 1634 528 1684 quis
558 1634 660 1674 deus
696 1635 902 1674 incertum
934 1636 1022 1683 est,
1056 1634 1215 1674 habitat
1246 1634 1404 1675 deus.“
1454 1633 1591 1684 Epict.
1614 1645 1681 1686 ap.

222 1708 422 1750 Arrhian.
446 1710 480 1762 Ι,
507 1711 587 1753 14:
623 1708 671 1754 αἱ
692 1710 838 1770 ψυχαὶ
859 1709 1001 1762 οὕτως
1020 1709 1134 1754 εἶσιν
1154 1711 1433 1767 ἑνδεδεμὲναι
1454 1711 1531 1755 καὶ
1552 1727 1685 1756 συνα-

223 1789 326 1846 φεῖς
355 1791 420 1845 τῷ
448 1791 548 1846 θεῷ
579 1787 657 1832 ἅτε
689 1786 829 1833 αὐτοῦ
859 1788 998 1849 μόρια
1037 1785 1169 1835 οὖσαι
1209 1790 1287 1834 καὶ
1326 1788 1683 1848 ἅποσπάσματα.

219 1865 275 1918 ΙΙ,
301 1866 354 1909 9:
388 1866 439 1911 σὺ
462 1865 746 1924 ἀπόσπασμα
769 1864 811 1913 εἶ
830 1873 913 1913 τοῦ
931 1874 1061 1924 θεοῦ,
1085 1868 1200 1925 ἐῇςεις
1218 1887 1263 1914 τι
1288 1870 1333 1915 ἐν
1354 1874 1531 1929 σεαυτῷ
1549 1870 1686 1931 μέρος

223 1945 390 1990 ἐκεινου
423 1974 480 1984 —.—-
509 1944 588 1991 οὐκ
621 1944 750 2000 οἶδας
779 1947 849 1993 ὅτι
875 1948 987 1993 θεὸν
1014 1949 1206 2009 τρέφεις.
1256 1951 1446 2003 Denique
1475 1952 1683 1995 Antonin.

223 2025 280 2077 V,
305 2026 333 2068 7
349 2043 358 2067 ε
394 2023 418 2069 ὁ
440 2024 613 2081 δαίμων
635 2024 685 2070 ὃν
714 2025 884 2085 ἑκάστῳ
917 2027 1172 2087 προστάτην
1200 2028 1279 2072 καὶ
1307 2026 1500 2088 ἡγεμόνα
1530 2027 1554 2073 ὁ
1586 2029 1684 2086 ζεῦς

227 2102 390 2149 ἔδωκεν
411 2101 694 2161 ἀπόσπασμα
716 2104 855 2150 αὐτοῦ
874 2134 930 2139 —
953 2101 1084 2158 οὗτος
1105 2106 1156 2150 δέ
1185 2107 1303 2151 ἐστιν
1324 2106 1348 2151 ὁ
1371 2107 1558 2152 ἑκάστου
1581 2113 1686 2161 νοῦς

225 2182 302 2227 καὶ
321 2182 462 2242 λόγος.
513 2186 635 2228 Hunc
656 2184 732 2229 τὸν
754 2184 878 2231 ἔνδον
908 2185 953 2230 ἒν
972 2190 1038 2244 τῷ
1058 2185 1217 2246 στήθει
1235 2184 1470 2245 ἶδρύμενον
1489 2187 1685 2245 δαίμονα

224 2262 300 2316 ΙΙΙ,
329 2264 380 2306 16
400 2269 540 2307 monet
558 2263 619 2324 μὴ
641 2264 799 2325 φύρειν
817 2265 931 2325 μηδὲ
953 2268 1170 2325 θορυβεῖν
1192 2262 1322 2325 ’σ’χλῳ.

338 2343 418 2388 Sed
437 2348 526 2397 jam
549 2347 653 2388 satis
671 2342 998 2389 demonstratum
1020 2349 1116 2399 erit,
1140 2359 1264 2399 quam
1286 2349 1532 2400 eloquenter
1551 2347 1684 2392 Stoici

222 2426 335 2467 illam
358 2428 406 2467 de
436 2429 561 2479 genio
583 2429 723 2470 divino
751 2430 794 2470 in
825 2429 1006 2470 hominis
1027 2430 1165 2471 animo
1196 2430 1410 2472 habitante
1431 2432 1681 2473 sententiam

223 2507 402 2558 amplexi
435 2509 534 2549 sint.
596 2507 732 2562 Quam
762 2510 844 2551 huc
877 2511 1127 2552 adduximus
1155 2511 1206 2551 ad
1235 2512 1529 2554 illustrandam
1557 2522 1682 2562 quam

223 2583 485 2639 Chrysippus
506 2589 690 2639 postulat
721 2586 980 2648 ξυμφωνίαν
1015 2592 1096 2633 τοῦ
1124 2586 1231 2648 παρ’
1264 2587 1436 2648 ἑκάστῳ
1467 2587 1683 2645 δαίμονος

222 2663 335 2723 πρὸς
361 2664 437 2725 τὴν
464 2669 545 2709 τοῦ
567 2665 672 2710 ὅλου
705 2668 934 2728 διοικητοῦ
963 2668 1201 2729 βούλησιν,·
1231 2681 1321 2712 eam
1344 2673 1486 2712 autem
1515 2671 1682 2721 gravis-

225 2747 371 2787 simam
400 2757 621 2789 censemus
652 2748 701 2789 ad
731 2750 924 2801 principii
955 2752 1005 2793 de
1036 2761 1118 2803 quo
1149 2751 1411 2801 disputamus
1444 2759 1681 2802 supremam
