1893 3155
730 174 1175 218 *9*

222 294 440 336 doctrinae
466 294 654 335 sontibus
679 294 868 354 destituti
889 294 1174 344 dispositionis
1195 293 1360 344 qualem
1391 291 1569 334 fecerint
1598 301 1684 333 ma-

229 374 361 414 teriae
381 373 544 413 ethicae
564 373 637 411 vix
658 372 882 421 quidquam
902 376 1017 413 certo
1037 368 1294 423 cognoscere
1313 373 1543 431 poterimus
1564 381 1685 423 prae-

198 464 201 466 ·
225 455 293 492 ter
310 452 467 500 varios,
499 460 604 499 quos
628 450 832 501 recerunt,
856 451 970 491 loc-os
991 452 1081 492 sive
1100 448 1280 501 τόπους.
1321 450 1495 493 Plenius
1515 451 1684 502 quidem

226 540 319 571 eam
340 530 655 580 dispositionem
685 530 911 571 restituere
941 524 1118 572 conatus
1148 534 1213 572 est
1232 529 1502 573 Petersenius
1529 531 1624 573 inl.
1649 531 1695 572 l.·

226 619 267 659 p.
301 606 555 658 258—2853
592 608 663 649 sed
694 609 753 649 ita
786 609 910 659 fecit,
942 612 990 650 ut
1018 612 1060 650 et
1081 610 1211 650 multa
1238 611 1456 651 admodum
1485 610 1684 651 audacter

227 690 412 730 sumeret
444 697 519 727 nec
547 688 732 728 efficeret
764 688 871 738 quod
903 688 1263 729 verisimilitudine
1303 689 1680 730 commendaretur.

225 764 369 807 Nixus
401 766 511 806 enim
542 750 804 816 potissimum
834 767 923 807 loco
945 764 1128 808 Senecae
1157 768 1199 808 in
1222 778 1286 817 ep.
1311 767 1381 818 89,
1415 768 1567 808 collato
1588 778 1682 808 cum

0 898 7 907 ,
63 828 65 830 ‚
146 893 151 899 ¹
226 844 352 897 Diog.
376 843 521 886 Laert.
542 843 639 897 VII,
663 844 741 897 84,
776 849 937 887 tantum
967 847 1157 887 effecisse
1188 848 1267 888 sibi
1287 848 1475 897 videtur,
1508 848 1683 898 primam

226 925 388 965 ethicae
417 927 576 974 partem
600 926 733 965 fuisse
760 922 866 980 περὶ
887 921 1026 981 ὁρμῆς
1053 929 1095 965 et
1115 923 1220 982 περὶ
1240 926 1428 976 παθῶν,
1459 935 1533 974 pro
1552 926 1685 965 intro-

227 1004 423 1045 ductione
452 1007 498 1044 ut
518 1004 576 1044 ait
605 1004 902 1054 praemissam3
936 1005 1160 1045 secundam
1184 1005 1232 1045 de
1253 1014 1393 1045 rerum
1413 1004 1570 1054 pretio,
1602 1007 1685 1045 ter-

226 1083 328 1124 tiam
349 1083 399 1123 de
428 1083 689 1134 actionibus3
724 1083 947 1124 secundam
977 1086 1114 1124 autem
1146 1083 1261 1124 locos
1291 1084 1552 1124 continuisse
1580 1080 1687 1139 περὶ

157 1204 159 1206 ,
226 1157 414 1218 ἀγαθῶν
443 1159 520 1202 καὶ
549 1163 695 1202 κακῶν
732 1165 774 1201 et
802 1160 907 1217 περὶ
938 1157 1115 1220 ἀρετῆς,
1159 1163 1327 1202 tertiam
1358 1163 1535 1212 denique
1569 1163 1684 1202 locos

225 1238 332 1298 περὶ
350 1238 504 1291 τέλους
524 1243 566 1282 et
585 1238 690 1296 περὶ
710 1237 1011 1298 καθηκόντων,
1042 1242 1092 1282 ad
1116 1242 1329 1283 notionum
1352 1242 1680 1290 dialecticarum,

226 1330 331 1371 quas
352 1331 425 1372 per
448 1324 574 1361 totam
598 1321 858 1370 disciplinam
889 1330 1090 1371 regnasse
1111 1323 1243 1370 putat,
1271 1321 1407 1370 legem
1429 1322 1487 1361 ita
1509 1321 1685 1372 disposi-

226 1403 316 1450 tos,
349 1403 396 1440 ut
418 1401 523 1439 bona
544 1403 586 1439 et
607 1399 713 1439 mala
744 1400 968 1449 substrati,
999 1400 1135 1440 virtus
1157 1400 1388 1449 qualitatis,
1423 1394 1569 1439 deinde
1589 1401 1686 1440 nnis

226 1480 365 1529 aliquo
386 1480 507 1519 modo
529 1489 576 1519 se
597 1479 802 1527 habentis,
828 1478 967 1518 officia
983 1478 1360 1518 relationis—locum
1382 1481 1568 1518 teneant.
1604 1475 1686 1519 Sed

227 1558 329 1597 haee
351 1558 568 1607 dispositio
589 1557 768 1607 primum
789 1559 950 1596 tantum
974 1558 1108 1606 abest,
1143 1559 1191 1596 ut
1211 1557 1264 1596 iis
1287 1550 1481 1597 veterum
1499 1558 1687 1596 testimo-

182 1630 188 1633 *
227 1636 310 1677 niis
339 1646 361 1677 a
385 1637 535 1687 quibus
556 1636 837 1686 proficiscitur
858 1644 1047 1685 quaeque
1077 1635 1314 1686 argumenti
1348 1645 1478 1675 causa
1505 1635 1688 1675 afferun-

226 1718 299 1756 tur
327 1716 661 1764 demonstretur,
701 1717 749 1753 ut
779 1724 827 1765 ea
865 1714 957 1762 ipsa
984 1722 1159 1762 prorsus
1188 1714 1373 1754 invertat
1401 1717 1443 1754 et
1472 1714 1684 1764 negligat3

227 1794 376 1835 deinde
395 1803 496 1835 vero
516 1804 569 1833 ne
588 1794 754 1833 interna
774 1792 939 1842 quidem
960 1792 1340 1833 verisimilitudinis
1369 1793 1531 1834 ratione
1548 1794 1687 1844 justa-

227 1883 309 1923 que
328 1873 509 1923 partium
526 1875 569 1912 et
585 1874 887 1911 momentorum
905 1872 1195 1911 aestimatione
1212 1872 1542 1912 commendatur.
1577 1871 1688 1913 Nam

226 1953 406 2003 primum
426 1952 504 1992 hoc
526 1961 607 1991 non
631 1951 845 1991 serendum
868 1953 933 1991 est
961 1950 1098 1991 locum
1123 1951 1423 2001 gravissimum
1445 1951 1516 2001 qui
1539 1951 1620 1992 l'uit
1641 1952 1690 1991 de

227 2032 384 2082 impetu
415 2034 458 2071 et
489 2031 538 2070 de
568 2030 952 2080 perturbationibus
989 2033 1188 2079 tanquam
1219 2039 1301 2068 non
1330 2031 1610 2078 pertinentem
1639 2032 1690 2070 ab

227 2100 319 2161 ipsa
348 2108 536 2149 doctrina
579 2108 792 2159 separari3
837 2108 1048 2158 separavit
1078 2109 1216 2147 autem
1249 2105 1521 2149 Petersenius
1558 2120 1581 2149 e
1612 2119 1689 2150 suo

227 2188 421 2236 arbitrio,
456 2196 538 2236 quo
559 2188 601 2226 in
624 2187 795 2236 reliquis
817 2187 1052 2235 categorias
1085 2186 1190 2225 istas
1212 2188 1392 2235 quatuor
1411 2187 1552 2226 inesse
1572 2189 1689 2227 evin-

228 2269 356 2307 ceret.
410 2263 529 2317 Quae
550 2266 667 2317 ipsae
687 2275 781 2305 cum
804 2264 1044 2304 notionibus
1066 2261 1308 2313 moralibus}
1343 2264 1495 2312 quibus
1515 2274 1688 2314 respon-

228 2345 327 2385 dere
348 2344 544 2383 dicuntur
569 2345 733 2383 tantum
759 2352 978 2382 commune
1008 2342 1160 2381 habent
1187 2344 1390 2391 quantum
1420 2352 1529 2392 quae
1557 2343 1684 2395 niiiil3

228 2428 401 2474 prorsus
423 2421 534 2462 enim
555 2421 716 2462 alienae
736 2419 1004 2461 extrinsecus
1025 2419 1327 2461 immiscentur.
1372 2418 1564 2471 Denique
1584 2421 1686 2462 haec

229 2499 448 2551 dispositio
469 2501 584 2551 cogit
604 2501 653 2540 de
684 2510 768 2540 una
788 2499 928 2548 aliqua
957 2501 1076 2549 parte
1096 2502 1289 2548 agentem
1321 2500 1446 2540 simul
1467 2501 1590 2550 idque
1612 2511 1684 2540 ex-

229 2581 381 2632 plicate
410 2581 535 2621 etiam
558 2579 607 2620 de
627 2578 799 2629 reliquis
828 2587 979 2629 agere3
1003 2577 1222 2629 quod'ipse
1242 2576 1514 2620 Petersenius
1535 2590 1575 2630 p.
1600 2578 1686 2621 266

229 2660 546 2710 animadvertit,
581 2655 823 2699 Ciceronem
854 2656 896 2696 in
927 2656 955 2696 l.
981 2654 1041 2696 ΙΙΙ
1072 2657 1122 2697 de
1153 2659 1222 2698 lin.
1256 2668 1383 2708 quum
1416 2659 1553 2699 locum
1581 2656 1696 2715 περῖ
