1893 3155
670 271 806 279 m„-
881 242 944 288 5⁴
1015 269 1151 276 —

297 366 630 409 Recordantilius
659 369 799 407 autem
830 366 882 405 ab
912 364 1098 415 antiquis
1129 361 1285 406 Stoicis
1315 372 1445 415 quum
1480 364 1651 415 sapien-

184 450 286 491 tiam
307 448 502 498 separent
529 447 579 487 ab
601 456 746 487 eorum
772 456 880 497 quae
903 445 1131 487 secundum
1163 448 1358 487 naturam
1380 446 1467 487 sint
1487 444 1653 487 delectu

184 529 286 569 haec
317 528 498 567 maxime
528 526 712 576 intelligi
743 526 958 566 commoda
990 528 1167 566 externa
1186 525 1415 567 verisimile
1443 525 1654 567 videbitur

183 606 438 657 posteriores
460 613 588 654 quum
620 613 712 644 cam
744 605 1050 655 separationem
1081 605 1117 645 si
1149 614 1232 665 non
1260 605 1473 646 mitterent
1503 605 1653 646 saltem

181 686 379 727 laxarent
399 687 441 724 et
468 684 608 725 minus
640 687 879 735 premerent
907 685 1033 725 etlam
1063 685 1107 725 in
1130 694 1273 726 eorum
1296 694 1403 735 quae
1424 685 1653 726 secundum
1709 725 1713 728 .

183 768 378 806 naturam
409 764 475 804 vel
506 765 640 814 prima
678 767 854 805 naturae
890 774 984 804 esse
1015 764 1258 804 dicerentur
1285 765 1420 815 magis
1450 775 1496 805 se
1524 765 1654 815 appli-

184 846 324 887 cuisse
362 845 412 885 ad
442 842 819 895 Peripateticorum
849 844 918 893 qui
960 846 1055 894 post
1081 842 1356 884 Aristotelem
1396 845 1655 885 exstiterunt

186 924 434 966 doctrinam.
499 919 544 965 Si
587 923 697 964 enim
735 926 869 965 totum
911 923 1118 965 hominem
1162 924 1402 987 spectantes
1441 919 1498 965 τὰ
1537 919 1653 966 κατὰ

188 1001 322 1061 φύσιν
353 1004 741 1052 interpretabantur
771 1004 908 1043 omnia
938 1013 987 1042 ea
1016 1012 1123 1052 quae
1154 1003 1203 1042 ad
1233 1003 1444 1052 integram
1475 1006 1653 1043 naturae

187 1084 395 1124 humanae
436 1082 778 1122 constitutionem
827 1082 1038 1131 pertinere
1080 1081 1381 1131 reperirentur.
1452 1079 1583 1132 quue
1622 1082 1653 1123 ii

190 1159 322 1204 Stoici
345 1162 394 1202 de
415 1162 566 1211 quilius
588 1171 699 1201 nunc
720 1162 885 1211 agimus
908 1164 949 1201 et
979 1162 1058 1211 ipsi
1081 1161 1233 1201 secisse
1253 1161 1426 1211 putandi
1448 1164 1570 1212 sunt3
1602 1171 1653 1202 eo

188 1243 298 1283 enim
328 1252 400 1281 cos
423 1241 615 1291 delapsos
645 1251 739 1281 esse
768 1244 815 1281 ut
846 1242 888 1281 in
912 1241 1139 1281 commodis
1161 1250 1269 1290 quae
1296 1243 1503 1282 vocantur
1530 1250 1653 1291 appe-

186 1322 322 1362 tendis
353 1323 474 1361 linem
505 1322 707 1361 bonorum
738 1331 832 1360 esse
854 1321 1051 1360 docerent
1072 1320 1167 1369 quis
1189 1320 1422 1360 statueret?
1452 1316 1652 1361 Ceterum

188 1402 392 1452 duplicem
413 1403 501 1442 τῶν
521 1397 711 1456 πρώτων
730 1397 844 1441 κατὰ
868 1396 1002 1456 φύσιν
1034 1400 1284 1439 sententiam
1317 1409 1464 1449 parum
1485 1410 1509 1439 a
1532 1396 1651 1440 Cice-

187 1489 290 1522 rone
318 1482 581 1531 perspectam
610 1488 841 1531 parumque
872 1478 1112 1520 distinctam
1138 1478 1237 1528 jure
1270 1478 1433 1519 notavit
1462 1475 1651 1533 Madvig.

187 1561 232 1600 in
254 1570 439 1599 excursu
460 1560 510 1598 ad
537 1560 567 1599 l.
593 1560 622 1598 l.
647 1557 723 1599 IV.
1399 1608 1404 1611 ν

310 1637 445 1681 Unum
476 1625 614 1679 autem
645 1640 855 1688 genuinae
883 1639 1116 1679 sententiae
1144 1640 1400 1678 momentum
1430 1648 1483 1678 ne
1514 1638 1565 1678 ab
1586 1637 1652 1679 his

187 1719 353 1770 quidem
375 1718 611 1769 neglectum
633 1721 720 1759 cst:
755 1718 832 1759 hoc
854 1718 946 1758 dico
968 1718 1077 1768 quod
1099 1728 1182 1759 non
1204 1718 1247 1759 in
1268 1718 1355 1759 ulla
1377 1718 1653 1759 delectatione

187 1798 322 1839 sedin
345 1799 542 1840 continua
571 1799 697 1839 animi
720 1798 986 1838 contentione
1007 1798 1103 1838 finis
1134 1800 1313 1839 naturae
1342 1797 1548 1838 humanae
1580 1807 1651 1849 po-

183 1879 314 1919 nitur.
365 1877 464 1919 Non
495 1882 664 1919 nactum
687 1889 781 1918 esse
802 1888 909 1927 quae
930 1878 1015 1917 sint
1044 1878 1276 1918 secundum
1293 1880 1492 1919 'naturam
1513 1878 1652 1928 iisque

180 1958 358 2008 jamjam
380 1958 465 1999 frui
486 1967 580 1998 cum
603 1958 688 1998 otio
719 1960 761 1998 et
781 1958 937 2007 quiete,
971 1966 1119 1997 verum
1140 1958 1339 1998 continuo
1369 1960 1412 1998 et
1443 1958 1536 1999 sine
1562 1957 1651 1998 ulla

184 2037 498 2078 intermissione
529 2037 721 2077 laborare
751 2037 947 2086 viresque
988 2036 1240 2077 contendere
1281 2036 1330 2076 ad
1371 2036 1444 2077 ill-a
1484 2046 1651 2087 compa-

185 2115 317 2155 randa
345 2116 537 2155 ultimum
566 2116 756 2155 hahetur.
818 2113 911 2155 Nec
941 2118 1099 2155 temere
1127 2116 1280 2165 premit
1299 2114 1524 2165 Antipater
1545 2115 1650 2156 illud

170 2204 308 2245 suum
331 2191 526 2251 διηνεκὲς
544 2192 621 2237 καὶ
643 2190 940 2249 ἀπαράβατον
969 2197 1016 2236 ut
1037 2205 1119 2245 quo
1142 2196 1285 2236 eadem
1310 2205 1473 2244 morum
1496 2205 1649 2245 aequa-

181 2273 281 2314 litas
311 2274 667 2326 consiliorumque
700 2276 878 2318 firmitas
895 2265 1149 2326 ‘postuletur
1179 2285 1303 2326 quam
1325 2273 1539 2317 Zenonem
1571 2276 1648 2319 im-

181 2355 325 2403 primis
347 2358 561 2405 spectasse
583 2366 708 2407 supra
732 2357 1021 2406 exposuimus,
1309 2342 1312 2346 ’

293 2432 356 2475 Dc
379 2433 582 2476 Panaetio
611 2439 751 2477 autem
785 2439 827 2477 et
856 2434 1081 2478 Posidonio
1110 2436 1209 2487 quid
1234 2437 1323 2487 jam
1356 2434 1520 2476 dicam?
1561 2431 1645 2489 Qui

179 2524 303 2563 quum
334 2516 377 2555 in
398 2517 573 2566 reliquis
602 2520 691 2557 tum
724 2518 764 2558 iu
790 2517 935 2557 morali
966 2517 1227 2567 philosophia
1257 2526 1307 2556 eo
1334 2516 1601 2566 potissimum
1621 2525 1647 2554 a

178 2595 465 2644 superioribus
497 2596 783 2637 discesserunt
813 2597 920 2647 quod
953 2600 996 2637 et
1035 2597 1088 2638 ad
1128 2605 1391 2639 communem
1431 2594 1646 2634 hominum

177 2682 324 2725 usum,
357 2674 504 2716 relicta
529 2671 695 2716 Stoicae
717 2676 961 2727 disciplinae
990 2686 1099 2727 quae
1128 2684 1223 2716 esse
1243 2674 1458 2715 videretur
1488 2673 1646 2723 asperi-

176 2755 276 2804 tate,
300 2756 436 2806 magis
458 2755 676 2806 magisque
698 2765 744 2795 se
766 2756 1025 2807 applicarent
1046 2754 1158 2796 etad
1179 2754 1434 2795 illustriores
1456 2753 1645 2804 superio-

1708 1753 1727 1778 ξ
