<?xml version="1.0" encoding="UTF-8"?>
<!DOCTYPE html PUBLIC "-//W3C//DTD XHTML 1.0 Transitional//EN"
    "http://www.w3.org/TR/xhtml1/DTD/xhtml1-transitional.dtd">
<html xmlns="http://www.w3.org/1999/xhtml" xml:lang="en" lang="en">
 <head>
  <title>
</title>
<meta http-equiv="Content-Type" content="text/html;charset=utf-8" />
  <meta name='ocr-system' content='tesseract 3.04.00' />
  <meta name='ocr-capabilities' content='ocr_page ocr_carea ocr_par ocr_line ocrx_word'/>
</head>
<body>
  <div class='ocr_page' id='page_1' title='image "./4630631_0037.png"; bbox 0 0 1893 3155; ppageno 0'>
   <div class='ocr_carea' id='block_1_1' title="bbox 0 0 264 219">
    <p class='ocr_par' dir='ltr' id='par_1_1' title="bbox 0 0 264 219">
     <span class='ocr_line' id='line_1_1' title="bbox 0 0 264 219; baseline 0 2936"><span class='ocrx_word' id='word_1_1' title='bbox 0 0 264 219; x_wconf 95' lang='lat' dir='ltr'><strong> </strong></span> 
     </span>
    </p>
   </div>
   <div class='ocr_carea' id='block_1_2' title="bbox 735 247 1214 318">
    <p class='ocr_par' dir='ltr' id='par_1_2' title="bbox 735 247 1214 318">
     <span class='ocr_line' id='line_1_2' title="bbox 735 247 1214 318; baseline -0.004 -22"><span class='ocrx_word' id='word_1_2' title='bbox 735 247 1006 318; x_wconf 56' lang='lat'><strong>-7-27</strong></span> <span class='ocrx_word' id='word_1_3' title='bbox 1078 275 1214 282; x_wconf 79' lang='lat'><strong>--</strong></span> 
     </span>
    </p>
   </div>
   <div class='ocr_carea' id='block_1_3' title="bbox 195 367 1711 2803">
    <p class='ocr_par' dir='ltr' id='par_1_3' title="bbox 195 367 1711 2565">
     <span class='ocr_line' id='line_1_3' title="bbox 249 367 1710 422; baseline -0.004 -8"><span class='ocrx_word' id='word_1_4' title='bbox 249 374 298 414; x_wconf 90' lang='lat' dir='ltr'><strong>ut</strong></span> <span class='ocrx_word' id='word_1_5' title='bbox 316 371 388 422; x_wconf 80' lang='lat' dir='ltr'><strong>qui</strong></span> <span class='ocrx_word' id='word_1_6' title='bbox 415 370 458 412; x_wconf 93' lang='lat' dir='ltr'><strong>in</strong></span> <span class='ocrx_word' id='word_1_7' title='bbox 479 370 595 412; x_wconf 86' lang='lat' dir='ltr'><strong>nulla</strong></span> <span class='ocrx_word' id='word_1_8' title='bbox 624 380 670 413; x_wconf 91' lang='lat' dir='ltr'><strong>re</strong></span> <span class='ocrx_word' id='word_1_9' title='bbox 690 380 808 412; x_wconf 87' lang='lat' dir='ltr'><strong>suam</strong></span> <span class='ocrx_word' id='word_1_10' title='bbox 843 370 914 412; x_wconf 91' lang='lat' dir='ltr'><strong>sed</strong></span> <span class='ocrx_word' id='word_1_11' title='bbox 935 371 979 412; x_wconf 90' lang='lat' dir='ltr'><strong>in</strong></span> <span class='ocrx_word' id='word_1_12' title='bbox 1000 371 1192 412; x_wconf 88' lang='lat' dir='ltr'><strong>omnibus</strong></span> <span class='ocrx_word' id='word_1_13' title='bbox 1213 369 1406 421; x_wconf 50' lang='lat' dir='ltr'><strong>*supremi</strong></span> <span class='ocrx_word' id='word_1_14' title='bbox 1435 367 1616 411; x_wconf 85' lang='lat' dir='ltr'><strong>rectoris</strong></span> <span class='ocrx_word' id='word_1_15' title='bbox 1637 376 1710 408; x_wconf 92' lang='lat' dir='ltr'><strong>vo-</strong></span> 
     </span>
     <span class='ocr_line' id='line_1_4' title="bbox 250 451 1710 503; baseline -0.003 -11"><span class='ocrx_word' id='word_1_16' title='bbox 250 451 453 492; x_wconf 89' lang='lat' dir='ltr'><strong>luntatem</strong></span> <span class='ocrx_word' id='word_1_17' title='bbox 474 451 725 503; x_wconf 76' lang='lat' dir='ltr'><strong>respiciant3</strong></span> <span class='ocrx_word' id='word_1_18' title='bbox 758 451 850 502; x_wconf 91' lang='lat' dir='ltr'><strong>pios</strong></span> <span class='ocrx_word' id='word_1_19' title='bbox 871 454 919 492; x_wconf 90' lang='lat' dir='ltr'><strong>ut</strong></span> <span class='ocrx_word' id='word_1_20' title='bbox 938 451 1009 501; x_wconf 85' lang='lat' dir='ltr'><strong>qui</strong></span> <span class='ocrx_word' id='word_1_21' title='bbox 1030 451 1193 491; x_wconf 88' lang='lat' dir='ltr'><strong>afflictis</strong></span> <span class='ocrx_word' id='word_1_22' title='bbox 1220 452 1263 491; x_wconf 92' lang='lat' dir='ltr'><strong>in</strong></span> <span class='ocrx_word' id='word_1_23' title='bbox 1284 451 1410 491; x_wconf 82' lang='lat' dir='ltr'><strong>rebus</strong></span> <span class='ocrx_word' id='word_1_24' title='bbox 1430 458 1533 490; x_wconf 91' lang='lat' dir='ltr'><strong>suae</strong></span> <span class='ocrx_word' id='word_1_25' title='bbox 1554 457 1710 489; x_wconf 88' lang='lat' dir='ltr'><strong>memo-</strong></span> 
     </span>
     <span class='ocr_line' id='line_1_5' title="bbox 220 528 1705 582; baseline -0.002 -11"><span class='ocrx_word' id='word_1_26' title='bbox 220 540 320 571; x_wconf 86' lang='lat' dir='ltr'><strong>--res</strong></span> <span class='ocrx_word' id='word_1_27' title='bbox 349 530 591 581; x_wconf 70' lang='lat' dir='ltr'><strong>flagilitatis</strong></span> <span class='ocrx_word' id='word_1_28' title='bbox 629 531 790 572; x_wconf 87' lang='lat' dir='ltr'><strong>altioris</strong></span> <span class='ocrx_word' id='word_1_29' title='bbox 821 531 1030 582; x_wconf 87' lang='lat' dir='ltr'><strong>potentiae</strong></span> <span class='ocrx_word' id='word_1_30' title='bbox 1059 531 1232 580; x_wconf 91' lang='lat' dir='ltr'><strong>imperio</strong></span> <span class='ocrx_word' id='word_1_31' title='bbox 1271 533 1381 571; x_wconf 92' lang='lat' dir='ltr'><strong>totos</strong></span> <span class='ocrx_word' id='word_1_32' title='bbox 1412 539 1506 570; x_wconf 89' lang='lat' dir='ltr'><strong>sese</strong></span> <span class='ocrx_word' id='word_1_33' title='bbox 1536 528 1705 569; x_wconf 80' lang='lat' dir='ltr'><strong>dedant.</strong></span> 
     </span>
     <span class='ocr_line' id='line_1_6' title="bbox 251 607 1709 660; baseline -0.001 -10"><span class='ocrx_word' id='word_1_34' title='bbox 251 607 513 650; x_wconf 80' lang='lat' dir='ltr'><strong>severiorem</strong></span> <span class='ocrx_word' id='word_1_35' title='bbox 536 613 694 650; x_wconf 88' lang='lat' dir='ltr'><strong>sectam</strong></span> <span class='ocrx_word' id='word_1_36' title='bbox 715 611 758 650; x_wconf 89' lang='lat' dir='ltr'><strong>in</strong></span> <span class='ocrx_word' id='word_1_37' title='bbox 778 611 832 650; x_wconf 92' lang='lat' dir='ltr'><strong>iis</strong></span> <span class='ocrx_word' id='word_1_38' title='bbox 856 610 963 650; x_wconf 82' lang='lat' dir='ltr'><strong>&#39;locis</strong></span> <span class='ocrx_word' id='word_1_39' title='bbox 985 610 1226 660; x_wconf 81' lang='lat' dir='ltr'><strong>moralibus,</strong></span> <span class='ocrx_word' id='word_1_40' title='bbox 1252 611 1302 650; x_wconf 89' lang='lat' dir='ltr'><strong>de</strong></span> <span class='ocrx_word' id='word_1_41' title='bbox 1322 610 1472 659; x_wconf 84' lang='lat' dir='ltr'><strong>quibus</strong></span> <span class='ocrx_word' id='word_1_42' title='bbox 1492 618 1568 659; x_wconf 90' lang='lat' dir='ltr'><strong>pro</strong></span> <span class='ocrx_word' id='word_1_43' title='bbox 1588 608 1709 649; x_wconf 86' lang='lat' dir='ltr'><strong>varia</strong></span> 
     </span>
     <span class='ocr_line' id='line_1_7' title="bbox 248 687 1705 740; baseline -0.001 -10"><span class='ocrx_word' id='word_1_44' title='bbox 248 690 389 730; x_wconf 89' lang='lat' dir='ltr'><strong>indole</strong></span> <span class='ocrx_word' id='word_1_45' title='bbox 412 688 542 731; x_wconf 80' lang='lat' dir='ltr'><strong>Stoici</strong></span> <span class='ocrx_word' id='word_1_46' title='bbox 569 690 686 732; x_wconf 86' lang='lat' dir='ltr'><strong>varie</strong></span> <span class='ocrx_word' id='word_1_47' title='bbox 707 692 967 740; x_wconf 83' lang='lat' dir='ltr'><strong>statuerunt,</strong></span> <span class='ocrx_word' id='word_1_48' title='bbox 1004 687 1229 731; x_wconf 91' lang='lat' dir='ltr'><strong>Cleanthes</strong></span> <span class='ocrx_word' id='word_1_49' title='bbox 1257 690 1444 730; x_wconf 88' lang='lat' dir='ltr'><strong>tenuisse</strong></span> <span class='ocrx_word' id='word_1_50' title='bbox 1472 688 1705 739; x_wconf 79' lang='lat' dir='ltr'><strong>reperitur3</strong></span> 
     </span>
     <span class='ocr_line' id='line_1_8' title="bbox 249 759 1709 819; baseline -0.001 -11"><span class='ocrx_word' id='word_1_51' title='bbox 249 768 381 809; x_wconf 84' lang='lat' dir='ltr'><strong>veluti</strong></span> <span class='ocrx_word' id='word_1_52' title='bbox 411 777 574 809; x_wconf 89' lang='lat' dir='ltr'><strong>omnem</strong></span> <span class='ocrx_word' id='word_1_53' title='bbox 611 759 865 819; x_wconf 88' lang='lat' dir='ltr'><strong>voluptatem</strong></span> <span class='ocrx_word' id='word_1_54' title='bbox 897 779 921 809; x_wconf 89' lang='lat' dir='ltr'><strong>a</strong></span> <span class='ocrx_word' id='word_1_55' title='bbox 950 769 1031 809; x_wconf 85' lang='lat' dir='ltr'><strong>fine</strong></span> <span class='ocrx_word' id='word_1_56' title='bbox 1070 770 1273 810; x_wconf 81' lang='lat' dir='ltr'><strong>honorum</strong></span> <span class='ocrx_word' id='word_1_57' title='bbox 1309 770 1465 809; x_wconf 86' lang='lat' dir='ltr'><strong>acriter</strong></span> <span class='ocrx_word' id='word_1_58' title='bbox 1494 767 1709 808; x_wconf 89' lang='lat' dir='ltr'><strong>contendit</strong></span> 
     </span>
     <span class='ocr_line' id='line_1_9' title="bbox 249 840 1705 901; baseline -0.001 -14"><span class='ocrx_word' id='word_1_59' title='bbox 249 856 344 888; x_wconf 88' lang='lat' dir='ltr'><strong>esse</strong></span> <span class='ocrx_word' id='word_1_60' title='bbox 374 840 645 897; x_wconf 86' lang='lat' dir='ltr'><strong>separandam</strong></span> <span class='ocrx_word' id='word_1_61' title='bbox 667 848 749 900; x_wconf 91' lang='lat' dir='ltr'><strong>·(de</strong></span> <span class='ocrx_word' id='word_1_62' title='bbox 780 857 863 897; x_wconf 87' lang='lat' dir='ltr'><strong>quo</strong></span> <span class='ocrx_word' id='word_1_63' title='bbox 890 857 930 888; x_wconf 94' lang='lat' dir='ltr'><strong>v.</strong></span> <span class='ocrx_word' id='word_1_64' title='bbox 958 846 1113 888; x_wconf 85' lang='lat' dir='ltr'><strong>Ritteri</strong></span> <span class='ocrx_word' id='word_1_65' title='bbox 1144 842 1329 889; x_wconf 66' lang='lat' dir='ltr'><strong>Zusiitze</strong></span> <span class='ocrx_word' id='word_1_66' title='bbox 1358 859 1398 898; x_wconf 91' lang='lat' dir='ltr'><strong>p.</strong></span> <span class='ocrx_word' id='word_1_67' title='bbox 1428 847 1560 901; x_wconf 80' lang='lat'><strong>127);</strong></span> <span class='ocrx_word' id='word_1_68' title='bbox 1592 847 1705 897; x_wconf 87' lang='lat' dir='ltr'><strong>pium</strong></span> 
     </span>
     <span class='ocr_line' id='line_1_10' title="bbox 250 926 1706 976; baseline -0.001 -10"><span class='ocrx_word' id='word_1_69' title='bbox 250 928 390 966; x_wconf 89' lang='lat' dir='ltr'><strong>autem</strong></span> <span class='ocrx_word' id='word_1_70' title='bbox 420 926 604 966; x_wconf 87' lang='lat' dir='ltr'><strong>animum</strong></span> <span class='ocrx_word' id='word_1_71' title='bbox 637 930 680 967; x_wconf 88' lang='lat' dir='ltr'><strong>et</strong></span> <span class='ocrx_word' id='word_1_72' title='bbox 701 927 778 967; x_wconf 90' lang='lat' dir='ltr'><strong>diis</strong></span> <span class='ocrx_word' id='word_1_73' title='bbox 802 927 982 967; x_wconf 87' lang='lat' dir='ltr'><strong>deditum</strong></span> <span class='ocrx_word' id='word_1_74' title='bbox 1006 928 1100 976; x_wconf 84' lang='lat' dir='ltr'><strong>quis</strong></span> <span class='ocrx_word' id='word_1_75' title='bbox 1130 938 1212 967; x_wconf 92' lang='lat' dir='ltr'><strong>non</strong></span> <span class='ocrx_word' id='word_1_76' title='bbox 1243 928 1371 967; x_wconf 88' lang='lat' dir='ltr'><strong>sentit</strong></span> <span class='ocrx_word' id='word_1_77' title='bbox 1398 927 1442 966; x_wconf 90' lang='lat' dir='ltr'><strong>in</strong></span> <span class='ocrx_word' id='word_1_78' title='bbox 1470 926 1706 967; x_wconf 89' lang='lat' dir='ltr'><strong>clarissimo</strong></span> 
     </span>
     <span class='ocr_line' id='line_1_11' title="bbox 251 1001 1708 1057; baseline 0 -12"><span class='ocrx_word' id='word_1_79' title='bbox 251 1005 324 1045; x_wconf 90' lang='lat' dir='ltr'><strong>illo</strong></span> <span class='ocrx_word' id='word_1_80' title='bbox 343 1005 415 1055; x_wconf 75' lang='lat' dir='ltr'><strong>qui</strong></span> <span class='ocrx_word' id='word_1_81' title='bbox 438 1001 654 1046; x_wconf 83' lang='lat' dir='ltr'>Cleanthis</span> <span class='ocrx_word' id='word_1_82' title='bbox 677 1006 813 1047; x_wconf 80' lang='lat' dir='ltr'><strong>fertur</strong></span> <span class='ocrx_word' id='word_1_83' title='bbox 842 1005 999 1057; x_wconf 85' lang='lat' dir='ltr'>hymno</span> <span class='ocrx_word' id='word_1_84' title='bbox 1020 1007 1191 1057; x_wconf 77' lang='lat' dir='ltr'>egregie</span> <span class='ocrx_word' id='word_1_85' title='bbox 1212 1005 1486 1056; x_wconf 84' lang='lat' dir='ltr'><strong>expressum?</strong></span> <span class='ocrx_word' id='word_1_86' title='bbox 1515 1002 1708 1046; x_wconf 90' lang='lat' dir='ltr'><strong>Eundem</strong></span> 
     </span>
     <span class='ocr_line' id='line_1_12' title="bbox 251 1084 1709 1136; baseline 0 -11"><span class='ocrx_word' id='word_1_87' title='bbox 251 1094 377 1135; x_wconf 81' lang='lat' dir='ltr'><strong>saepe</strong></span> <span class='ocrx_word' id='word_1_88' title='bbox 406 1087 448 1125; x_wconf 90' lang='lat' dir='ltr'><strong>et</strong></span> <span class='ocrx_word' id='word_1_89' title='bbox 474 1084 709 1126; x_wconf 84' lang='lat' dir='ltr'><strong>luculenter</strong></span> <span class='ocrx_word' id='word_1_90' title='bbox 739 1086 979 1136; x_wconf 89' lang='lat' dir='ltr'><strong>exprimunt</strong></span> <span class='ocrx_word' id='word_1_91' title='bbox 999 1087 1178 1127; x_wconf 91' lang='lat' dir='ltr'><strong>seriores</strong></span> <span class='ocrx_word' id='word_1_92' title='bbox 1207 1086 1267 1126; x_wconf 87' lang='lat' dir='ltr'><strong>illi</strong></span> <span class='ocrx_word' id='word_1_93' title='bbox 1289 1088 1457 1136; x_wconf 91' lang='lat' dir='ltr'><strong>propter</strong></span> <span class='ocrx_word' id='word_1_94' title='bbox 1476 1085 1709 1126; x_wconf 89' lang='lat' dir='ltr'><strong>animorum</strong></span> 
     </span>
     <span class='ocr_line' id='line_1_13' title="bbox 249 1163 1705 1216; baseline -0.001 -10"><span class='ocrx_word' id='word_1_95' title='bbox 249 1165 593 1215; x_wconf 83' lang='lat' dir='ltr'><strong>tranquillitatem</strong></span> <span class='ocrx_word' id='word_1_96' title='bbox 624 1164 960 1215; x_wconf 82' lang='lat' dir='ltr'><strong>philosophantes</strong></span> <span class='ocrx_word' id='word_1_97' title='bbox 984 1164 1214 1216; x_wconf 86' lang='lat' dir='ltr'><strong>Epictetus,</strong></span> <span class='ocrx_word' id='word_1_98' title='bbox 1251 1163 1425 1215; x_wconf 86' lang='lat' dir='ltr'><strong>Seneca,</strong></span> <span class='ocrx_word' id='word_1_99' title='bbox 1449 1164 1705 1206; x_wconf 78' lang='lat' dir='ltr'><strong>Antoninus,</strong></span> 
     </span>
     <span class='ocr_line' id='line_1_14' title="bbox 251 1241 1707 1297; baseline -0.001 -12"><span class='ocrx_word' id='word_1_100' title='bbox 251 1241 414 1297; x_wconf 81' lang='lat' dir='ltr'><strong>Quodsi</strong></span> <span class='ocrx_word' id='word_1_101' title='bbox 443 1242 631 1285; x_wconf 89' lang='lat' dir='ltr'><strong>Ritterus</strong></span> <span class='ocrx_word' id='word_1_102' title='bbox 652 1241 728 1293; x_wconf 81' lang='lat' dir='ltr'><strong>III,</strong></span> <span class='ocrx_word' id='word_1_103' title='bbox 764 1254 804 1294; x_wconf 94' lang='lat' dir='ltr'><strong>p.</strong></span> <span class='ocrx_word' id='word_1_104' title='bbox 828 1243 910 1286; x_wconf 78' lang='lat'><strong>621</strong></span> <span class='ocrx_word' id='word_1_105' title='bbox 943 1246 1124 1286; x_wconf 88' lang='lat' dir='ltr'><strong>maxime</strong></span> <span class='ocrx_word' id='word_1_106' title='bbox 1151 1245 1318 1295; x_wconf 86' lang='lat' dir='ltr'><strong>insigne</strong></span> <span class='ocrx_word' id='word_1_107' title='bbox 1348 1254 1442 1285; x_wconf 89' lang='lat' dir='ltr'><strong>esse</strong></span> <span class='ocrx_word' id='word_1_108' title='bbox 1462 1245 1564 1285; x_wconf 91' lang='lat' dir='ltr'><strong>dicit</strong></span> <span class='ocrx_word' id='word_1_109' title='bbox 1584 1244 1707 1284; x_wconf 91' lang='lat' dir='ltr'><strong>disci-</strong></span> 
     </span>
     <span class='ocr_line' id='line_1_15' title="bbox 248 1321 1709 1374; baseline -0.001 -10"><span class='ocrx_word' id='word_1_110' title='bbox 248 1324 385 1374; x_wconf 88' lang='lat' dir='ltr'><strong>plinae</strong></span> <span class='ocrx_word' id='word_1_111' title='bbox 407 1321 571 1365; x_wconf 85' lang='lat' dir='ltr'><strong>Stoicae</strong></span> <span class='ocrx_word' id='word_1_112' title='bbox 603 1324 706 1364; x_wconf 83' lang='lat' dir='ltr'><strong>hoc:</strong></span> <span class='ocrx_word' id='word_1_113' title='bbox 740 1322 839 1373; x_wconf 80' lang='lat' dir='ltr'><strong>„Es</strong></span> <span class='ocrx_word' id='word_1_114' title='bbox 860 1325 967 1365; x_wconf 89' lang='lat' dir='ltr'><strong>wird</strong></span> <span class='ocrx_word' id='word_1_115' title='bbox 989 1325 1062 1365; x_wconf 91' lang='lat' dir='ltr'><strong>das</strong></span> <span class='ocrx_word' id='word_1_116' title='bbox 1090 1322 1293 1365; x_wconf 90' lang='lat' dir='ltr'><strong>Einzelne</strong></span> <span class='ocrx_word' id='word_1_117' title='bbox 1313 1334 1422 1374; x_wconf 88' lang='lat' dir='ltr'><strong>ganz</strong></span> <span class='ocrx_word' id='word_1_118' title='bbox 1451 1324 1541 1364; x_wconf 90' lang='lat' dir='ltr'><strong>dem</strong></span> <span class='ocrx_word' id='word_1_119' title='bbox 1563 1322 1709 1373; x_wconf 85' lang='lat' dir='ltr'><strong>Allge-</strong></span> 
     </span>
     <span class='ocr_line' id='line_1_16' title="bbox 252 1401 1709 1454; baseline 0 -12"><span class='ocrx_word' id='word_1_120' title='bbox 252 1403 414 1442; x_wconf 85' lang='lat' dir='ltr'><strong>meinen</strong></span> <span class='ocrx_word' id='word_1_121' title='bbox 437 1402 751 1454; x_wconf 77' lang='lat' dir='ltr'><strong>unterwori&#39;en3</strong></span> <span class='ocrx_word' id='word_1_122' title='bbox 785 1403 853 1442; x_wconf 91' lang='lat' dir='ltr'><strong>ein</strong></span> <span class='ocrx_word' id='word_1_123' title='bbox 879 1404 1001 1453; x_wconf 85' lang='lat' dir='ltr'><strong>jeder</strong></span> <span class='ocrx_word' id='word_1_124' title='bbox 1021 1403 1282 1453; x_wconf 72' lang='lat' dir='ltr'><strong>perstinliche</strong></span> <span class='ocrx_word' id='word_1_125' title='bbox 1303 1401 1465 1443; x_wconf 88' lang='lat' dir='ltr'><strong>Zweck</strong></span> <span class='ocrx_word' id='word_1_126' title='bbox 1493 1403 1592 1442; x_wconf 87' lang='lat' dir='ltr'><strong>aber</strong></span> <span class='ocrx_word' id='word_1_127' title='bbox 1612 1411 1709 1442; x_wconf 90' lang='lat' dir='ltr'><strong>aus-</strong></span> 
     </span>
     <span class='ocr_line' id='line_1_17' title="bbox 250 1478 1707 1536; baseline -0.001 -12"><span class='ocrx_word' id='word_1_128' title='bbox 250 1482 559 1533; x_wconf 73' lang='lat' dir='ltr'><strong>geschlossem‘</strong></span> <span class='ocrx_word' id='word_1_129' title='bbox 596 1482 724 1536; x_wconf 87' lang='lat' dir='ltr'><strong>(quod</strong></span> <span class='ocrx_word' id='word_1_130' title='bbox 754 1483 864 1522; x_wconf 92' lang='lat' dir='ltr'><strong>idem</strong></span> <span class='ocrx_word' id='word_1_131' title='bbox 894 1478 1173 1523; x_wconf 89' lang='lat' dir='ltr'><strong>clarissimum</strong></span> <span class='ocrx_word' id='word_1_132' title='bbox 1203 1483 1306 1523; x_wconf 90' lang='lat' dir='ltr'><strong>illud</strong></span> <span class='ocrx_word' id='word_1_133' title='bbox 1329 1482 1493 1523; x_wconf 85' lang='lat' dir='ltr'><strong>Horatii</strong></span> <span class='ocrx_word' id='word_1_134' title='bbox 1519 1483 1561 1522; x_wconf 91' lang='lat' dir='ltr'><strong>in</strong></span> <span class='ocrx_word' id='word_1_135' title='bbox 1583 1482 1707 1532; x_wconf 89' lang='lat' dir='ltr'><strong>epist.</strong></span> 
     </span>
     <span class='ocr_line' id='line_1_18' title="bbox 212 1555 1711 1616; baseline 0 -14"><span class='ocrx_word' id='word_1_136' title='bbox 212 1593 216 1596; x_wconf 48' lang='grc'><strong>»</strong></span> <span class='ocrx_word' id='word_1_137' title='bbox 250 1555 295 1611; x_wconf 60' lang='grc'><strong>’1,</strong></span> <span class='ocrx_word' id='word_1_138' title='bbox 324 1562 341 1602; x_wconf 87' lang='lat' dir='ltr'><strong>l</strong></span> <span class='ocrx_word' id='word_1_139' title='bbox 377 1572 423 1601; x_wconf 93' lang='lat' dir='ltr'><strong>se</strong></span> <span class='ocrx_word' id='word_1_140' title='bbox 444 1562 570 1602; x_wconf 87' lang='lat' dir='ltr'><strong>rebus</strong></span> <span class='ocrx_word' id='word_1_141' title='bbox 591 1562 800 1612; x_wconf 79' lang='lat' dir='ltr'><strong>suincere</strong></span> <span class='ocrx_word' id='word_1_142' title='bbox 823 1562 941 1616; x_wconf 87' lang='lat' dir='ltr'><strong>dicit)</strong></span> <span class='ocrx_word' id='word_1_143' title='bbox 967 1562 1007 1602; x_wconf 92' lang='lat' dir='ltr'><strong>id</strong></span> <span class='ocrx_word' id='word_1_144' title='bbox 1029 1563 1194 1612; x_wconf 88' lang='lat' dir='ltr'><strong>proprie</strong></span> <span class='ocrx_word' id='word_1_145' title='bbox 1216 1562 1393 1603; x_wconf 80' lang='lat' dir='ltr'><strong>dixerim</strong></span> <span class='ocrx_word' id='word_1_146' title='bbox 1415 1563 1465 1602; x_wconf 92' lang='lat' dir='ltr'><strong>de</strong></span> <span class='ocrx_word' id='word_1_147' title='bbox 1486 1563 1711 1603; x_wconf 88' lang='lat' dir='ltr'><strong>severitate</strong></span> 
     </span>
     <span class='ocr_line' id='line_1_19' title="bbox 253 1637 1708 1693; baseline -0.001 -11"><span class='ocrx_word' id='word_1_148' title='bbox 253 1637 494 1693; x_wconf 83' lang='lat' dir='ltr'><strong>Cleanthis3</strong></span> <span class='ocrx_word' id='word_1_149' title='bbox 529 1641 733 1692; x_wconf 84' lang='lat' dir='ltr'><strong>siquidem</strong></span> <span class='ocrx_word' id='word_1_150' title='bbox 754 1651 776 1682; x_wconf 92' lang='lat' dir='ltr'><strong>e</strong></span> <span class='ocrx_word' id='word_1_151' title='bbox 799 1638 1058 1692; x_wconf 83' lang='lat' dir='ltr'><strong>Chrysippea</strong></span> <span class='ocrx_word' id='word_1_152' title='bbox 1089 1642 1251 1683; x_wconf 86' lang='lat' dir='ltr'><strong>ratione</strong></span> <span class='ocrx_word' id='word_1_153' title='bbox 1271 1642 1537 1692; x_wconf 90' lang='lat' dir='ltr'><strong>particularis</strong></span> <span class='ocrx_word' id='word_1_154' title='bbox 1558 1644 1708 1682; x_wconf 90' lang='lat' dir='ltr'><strong>natura</strong></span> 
     </span>
     <span class='ocr_line' id='line_1_20' title="bbox 251 1721 1708 1770; baseline 0 -11"><span class='ocrx_word' id='word_1_155' title='bbox 251 1729 334 1759; x_wconf 91' lang='lat' dir='ltr'><strong>non</strong></span> <span class='ocrx_word' id='word_1_156' title='bbox 368 1721 545 1769; x_wconf 88' lang='lat' dir='ltr'><strong>amplius</strong></span> <span class='ocrx_word' id='word_1_157' title='bbox 575 1721 796 1770; x_wconf 91' lang='lat' dir='ltr'><strong>opponitur</strong></span> <span class='ocrx_word' id='word_1_158' title='bbox 824 1721 1068 1770; x_wconf 88' lang='lat' dir='ltr'><strong>universae,</strong></span> <span class='ocrx_word' id='word_1_159' title='bbox 1103 1722 1174 1760; x_wconf 91' lang='lat' dir='ltr'><strong>sed</strong></span> <span class='ocrx_word' id='word_1_160' title='bbox 1207 1722 1444 1761; x_wconf 86' lang='lat' dir='ltr'><strong>universam</strong></span> <span class='ocrx_word' id='word_1_161' title='bbox 1477 1721 1520 1760; x_wconf 91' lang='lat' dir='ltr'><strong>in</strong></span> <span class='ocrx_word' id='word_1_162' title='bbox 1550 1731 1596 1760; x_wconf 89' lang='lat' dir='ltr'><strong>se</strong></span> <span class='ocrx_word' id='word_1_163' title='bbox 1618 1721 1708 1769; x_wconf 90' lang='lat' dir='ltr'><strong>ipsa</strong></span> 
     </span>
     <span class='ocr_line' id='line_1_21' title="bbox 195 1798 1708 1851; baseline 0 -11"><span class='ocrx_word' id='word_1_164' title='bbox 195 1808 199 1813; x_wconf 92' lang='grc'><em>·</em></span> <span class='ocrx_word' id='word_1_165' title='bbox 251 1800 554 1851; x_wconf 86' lang='lat' dir='ltr'><strong>complectitur.</strong></span> <span class='ocrx_word' id='word_1_166' title='bbox 591 1798 655 1841; x_wconf 92' lang='lat' dir='ltr'><strong>De</strong></span> <span class='ocrx_word' id='word_1_167' title='bbox 674 1801 741 1851; x_wconf 91' lang='lat' dir='ltr'><strong>pio</strong></span> <span class='ocrx_word' id='word_1_168' title='bbox 763 1803 900 1842; x_wconf 90' lang='lat' dir='ltr'><strong>autem</strong></span> <span class='ocrx_word' id='word_1_169' title='bbox 922 1810 1044 1851; x_wconf 87' lang='lat' dir='ltr'><strong>quem</strong></span> <span class='ocrx_word' id='word_1_170' title='bbox 1066 1802 1385 1842; x_wconf 89' lang='lat' dir='ltr'><strong>commemoravi</strong></span> <span class='ocrx_word' id='word_1_171' title='bbox 1407 1802 1545 1841; x_wconf 90' lang='lat' dir='ltr'><strong>animo</strong></span> <span class='ocrx_word' id='word_1_172' title='bbox 1566 1803 1608 1841; x_wconf 90' lang='lat' dir='ltr'><strong>et</strong></span> <span class='ocrx_word' id='word_1_173' title='bbox 1629 1800 1708 1840; x_wconf 90' lang='lat' dir='ltr'><strong>diis</strong></span> 
     </span>
     <span class='ocr_line' id='line_1_22' title="bbox 251 1878 1710 1931; baseline 0 -12"><span class='ocrx_word' id='word_1_174' title='bbox 251 1888 299 1919; x_wconf 90' lang='lat' dir='ltr'><strong>se</strong></span> <span class='ocrx_word' id='word_1_175' title='bbox 326 1878 516 1919; x_wconf 87' lang='lat' dir='ltr'><strong>tradente</strong></span> <span class='ocrx_word' id='word_1_176' title='bbox 538 1879 715 1920; x_wconf 81' lang='lat' dir='ltr'><strong>dixerim</strong></span> <span class='ocrx_word' id='word_1_177' title='bbox 743 1879 809 1920; x_wconf 90' lang='lat' dir='ltr'><strong>hic</strong></span> <span class='ocrx_word' id='word_1_178' title='bbox 838 1879 939 1921; x_wconf 92' lang='lat' dir='ltr'><strong>illud</strong></span> <span class='ocrx_word' id='word_1_179' title='bbox 967 1879 1196 1931; x_wconf 86' lang='lat' dir='ltr'><strong>principale</strong></span> <span class='ocrx_word' id='word_1_180' title='bbox 1217 1882 1393 1921; x_wconf 89' lang='lat' dir='ltr'><strong>naturae</strong></span> <span class='ocrx_word' id='word_1_181' title='bbox 1414 1880 1710 1920; x_wconf 89' lang='lat' dir='ltr'><strong>convenienter</strong></span> 
     </span>
     <span class='ocr_line' id='line_1_23' title="bbox 250 1957 1710 2012; baseline 0.001 -15"><span class='ocrx_word' id='word_1_182' title='bbox 250 1959 394 1998; x_wconf 84' lang='lat' dir='ltr'><strong>vivere</strong></span> <span class='ocrx_word' id='word_1_183' title='bbox 424 1968 505 1998; x_wconf 93' lang='lat' dir='ltr'><strong>non</strong></span> <span class='ocrx_word' id='word_1_184' title='bbox 536 1959 589 1998; x_wconf 88' lang='lat' dir='ltr'><strong>ad</strong></span> <span class='ocrx_word' id='word_1_185' title='bbox 619 1961 825 2009; x_wconf 85' lang='lat' dir='ltr'><strong>agendum</strong></span> <span class='ocrx_word' id='word_1_186' title='bbox 857 1961 927 2000; x_wconf 90' lang='lat' dir='ltr'><strong>sed</strong></span> <span class='ocrx_word' id='word_1_187' title='bbox 950 1961 999 2000; x_wconf 91' lang='lat' dir='ltr'><strong>ad</strong></span> <span class='ocrx_word' id='word_1_188' title='bbox 1022 1960 1261 2010; x_wconf 89' lang='lat' dir='ltr'><strong>patiendum</strong></span> <span class='ocrx_word' id='word_1_189' title='bbox 1283 1960 1496 2009; x_wconf 88' lang='lat' dir='ltr'><strong>applicari.</strong></span> <span class='ocrx_word' id='word_1_190' title='bbox 1550 1957 1710 2012; x_wconf 81' lang='lat' dir='ltr'><strong>Quodsi</strong></span> 
     </span>
     <span class='ocr_line' id='line_1_24' title="bbox 249 2034 1711 2089; baseline 0 -10"><span class='ocrx_word' id='word_1_191' title='bbox 249 2034 275 2079; x_wconf 86' lang='lat' dir='ltr'>J</span> <span class='ocrx_word' id='word_1_192' title='bbox 282 2069 290 2078; x_wconf 90' lang='lat'><strong>.</strong></span> <span class='ocrx_word' id='word_1_193' title='bbox 310 2035 482 2088; x_wconf 86' lang='lat' dir='ltr'><strong>Lipsius</strong></span> <span class='ocrx_word' id='word_1_194' title='bbox 503 2038 641 2081; x_wconf 87' lang='lat' dir='ltr'><strong>omnia</strong></span> <span class='ocrx_word' id='word_1_195' title='bbox 663 2036 901 2080; x_wconf 87' lang='lat' dir='ltr'><strong>Stoicorum</strong></span> <span class='ocrx_word' id='word_1_196' title='bbox 924 2041 972 2080; x_wconf 91' lang='lat' dir='ltr'><strong>de</strong></span> <span class='ocrx_word' id='word_1_197' title='bbox 994 2040 1285 2081; x_wconf 90' lang='lat' dir='ltr'><strong>convenientia</strong></span> <span class='ocrx_word' id='word_1_198' title='bbox 1306 2050 1399 2080; x_wconf 93' lang='lat' dir='ltr'><strong>cum</strong></span> <span class='ocrx_word' id='word_1_199' title='bbox 1423 2042 1574 2080; x_wconf 90' lang='lat' dir='ltr'><strong>natura</strong></span> <span class='ocrx_word' id='word_1_200' title='bbox 1594 2049 1711 2089; x_wconf 88' lang='lat' dir='ltr'><strong>prae-</strong></span> 
     </span>
     <span class='ocr_line' id='line_1_25' title="bbox 251 2119 1710 2170; baseline 0.001 -12"><span class='ocrx_word' id='word_1_201' title='bbox 251 2121 371 2168; x_wconf 85' lang='lat' dir='ltr'><strong>cepta</strong></span> <span class='ocrx_word' id='word_1_202' title='bbox 392 2128 440 2158; x_wconf 91' lang='lat' dir='ltr'><strong>eo</strong></span> <span class='ocrx_word' id='word_1_203' title='bbox 462 2119 598 2158; x_wconf 87' lang='lat' dir='ltr'><strong>redire</strong></span> <span class='ocrx_word' id='word_1_204' title='bbox 619 2119 855 2169; x_wconf 88' lang='lat' dir='ltr'><strong>contendit,</strong></span> <span class='ocrx_word' id='word_1_205' title='bbox 888 2123 935 2160; x_wconf 89' lang='lat' dir='ltr'><strong>ut</strong></span> <span class='ocrx_word' id='word_1_206' title='bbox 956 2121 1076 2160; x_wconf 88' lang='lat' dir='ltr'><strong>deum</strong></span> <span class='ocrx_word' id='word_1_207' title='bbox 1108 2121 1226 2169; x_wconf 90' lang='lat' dir='ltr'><strong>sequi</strong></span> <span class='ocrx_word' id='word_1_208' title='bbox 1244 2121 1484 2170; x_wconf 85' lang='lat' dir='ltr'><strong>jubeamur,</strong></span> <span class='ocrx_word' id='word_1_209' title='bbox 1519 2119 1561 2159; x_wconf 82' lang='lat' dir='ltr'><strong>id</strong></span> <span class='ocrx_word' id='word_1_210' title='bbox 1582 2128 1710 2159; x_wconf 90' lang='lat' dir='ltr'><strong>unum</strong></span> 
     </span>
     <span class='ocr_line' id='line_1_26' title="bbox 251 2197 1709 2247; baseline 0 -10"><span class='ocrx_word' id='word_1_211' title='bbox 251 2199 413 2238; x_wconf 86' lang='lat' dir='ltr'><strong>tantum</strong></span> <span class='ocrx_word' id='word_1_212' title='bbox 451 2207 620 2238; x_wconf 83' lang='lat' dir='ltr'><strong>sensum</strong></span> <span class='ocrx_word' id='word_1_213' title='bbox 651 2198 849 2247; x_wconf 88' lang='lat' dir='ltr'><strong>exprimit</strong></span> <span class='ocrx_word' id='word_1_214' title='bbox 879 2207 932 2237; x_wconf 89' lang='lat' dir='ltr'><strong>ex</strong></span> <span class='ocrx_word' id='word_1_215' title='bbox 972 2198 1044 2238; x_wconf 92' lang='lat' dir='ltr'><strong>illo</strong></span> <span class='ocrx_word' id='word_1_216' title='bbox 1073 2197 1277 2247; x_wconf 91' lang='lat' dir='ltr'><strong>principio</strong></span> <span class='ocrx_word' id='word_1_217' title='bbox 1315 2197 1532 2247; x_wconf 85' lang='lat' dir='ltr'><strong>fluentem,</strong></span> <span class='ocrx_word' id='word_1_218' title='bbox 1579 2200 1709 2238; x_wconf 87' lang='lat' dir='ltr'><strong>totam</strong></span> 
     </span>
     <span class='ocr_line' id='line_1_27' title="bbox 251 2276 1708 2328; baseline 0 -12"><span class='ocrx_word' id='word_1_219' title='bbox 251 2277 499 2317; x_wconf 86' lang='lat' dir='ltr'><strong>sententiam</strong></span> <span class='ocrx_word' id='word_1_220' title='bbox 531 2277 699 2317; x_wconf 90' lang='lat' dir='ltr'><strong>minime</strong></span> <span class='ocrx_word' id='word_1_221' title='bbox 731 2277 994 2328; x_wconf 82' lang='lat' dir='ltr'><strong>assequitur3</strong></span> <span class='ocrx_word' id='word_1_222' title='bbox 1037 2277 1164 2316; x_wconf 91' lang='lat' dir='ltr'><strong>immo</strong></span> <span class='ocrx_word' id='word_1_223' title='bbox 1197 2277 1416 2317; x_wconf 82' lang='lat' dir='ltr'><strong>formulam</strong></span> <span class='ocrx_word' id='word_1_224' title='bbox 1455 2276 1708 2327; x_wconf 87' lang='lat' dir='ltr'><strong>philosophi-</strong></span> 
     </span>
     <span class='ocr_line' id='line_1_28' title="bbox 250 2356 1707 2405; baseline 0 -10"><span class='ocrx_word' id='word_1_225' title='bbox 250 2365 341 2396; x_wconf 89' lang='lat' dir='ltr'><strong>cam</strong></span> <span class='ocrx_word' id='word_1_226' title='bbox 375 2357 417 2395; x_wconf 89' lang='lat' dir='ltr'><strong>in</strong></span> <span class='ocrx_word' id='word_1_227' title='bbox 447 2358 711 2405; x_wconf 89' lang='lat' dir='ltr'><strong>praeceptum</strong></span> <span class='ocrx_word' id='word_1_228' title='bbox 740 2356 985 2405; x_wconf 84' lang='lat' dir='ltr'><strong>religiosum</strong></span> <span class='ocrx_word' id='word_1_229' title='bbox 1015 2356 1074 2395; x_wconf 89' lang='lat' dir='ltr'><strong>ita</strong></span> <span class='ocrx_word' id='word_1_230' title='bbox 1103 2356 1375 2403; x_wconf 83' lang='lat' dir='ltr'><strong>transvertit,</strong></span> <span class='ocrx_word' id='word_1_231' title='bbox 1411 2358 1458 2395; x_wconf 90' lang='lat' dir='ltr'><strong>ut</strong></span> <span class='ocrx_word' id='word_1_232' title='bbox 1477 2356 1592 2395; x_wconf 90' lang='lat' dir='ltr'><strong>illius</strong></span> <span class='ocrx_word' id='word_1_233' title='bbox 1612 2365 1707 2405; x_wconf 87' lang='lat' dir='ltr'><strong>pro-</strong></span> 
     </span>
     <span class='ocr_line' id='line_1_29' title="bbox 251 2434 1708 2485; baseline -0.001 -10"><span class='ocrx_word' id='word_1_234' title='bbox 251 2435 406 2485; x_wconf 89' lang='lat' dir='ltr'><strong>prietas</strong></span> <span class='ocrx_word' id='word_1_235' title='bbox 437 2436 479 2474; x_wconf 89' lang='lat' dir='ltr'><strong>et</strong></span> <span class='ocrx_word' id='word_1_236' title='bbox 508 2434 621 2476; x_wconf 82' lang='lat' dir='ltr'><strong>acies</strong></span> <span class='ocrx_word' id='word_1_237' title='bbox 651 2434 844 2484; x_wconf 83' lang='lat' dir='ltr'><strong>tollatur3</strong></span> <span class='ocrx_word' id='word_1_238' title='bbox 878 2434 1028 2472; x_wconf 87' lang='lat' dir='ltr'><strong>etenim</strong></span> <span class='ocrx_word' id='word_1_239' title='bbox 1062 2434 1182 2473; x_wconf 90' lang='lat' dir='ltr'><strong>deum</strong></span> <span class='ocrx_word' id='word_1_240' title='bbox 1216 2434 1333 2483; x_wconf 83' lang='lat' dir='ltr'><strong>sequi</strong></span> <span class='ocrx_word' id='word_1_241' title='bbox 1355 2443 1484 2483; x_wconf 85' lang='lat' dir='ltr'><strong>quum</strong></span> <span class='ocrx_word' id='word_1_242' title='bbox 1508 2434 1708 2484; x_wconf 89' lang='lat' dir='ltr'><strong>jubemur</strong></span> 
     </span>
     <span class='ocr_line' id='line_1_30' title="bbox 231 2512 1234 2565; baseline -0.002 -11"><span class='ocrx_word' id='word_1_243' title='bbox 231 2535 234 2539; x_wconf 93' lang='lat'>·</span> <span class='ocrx_word' id='word_1_244' title='bbox 252 2513 346 2565; x_wconf 86' lang='lat' dir='ltr'><strong>quis</strong></span> <span class='ocrx_word' id='word_1_245' title='bbox 367 2516 453 2553; x_wconf 86' lang='lat' dir='ltr'><strong>tam</strong></span> <span class='ocrx_word' id='word_1_246' title='bbox 473 2513 648 2553; x_wconf 87' lang='lat' dir='ltr'><strong>insanus</strong></span> <span class='ocrx_word' id='word_1_247' title='bbox 670 2523 716 2552; x_wconf 90' lang='lat' dir='ltr'><strong>se</strong></span> <span class='ocrx_word' id='word_1_248' title='bbox 736 2512 776 2552; x_wconf 89' lang='lat' dir='ltr'><strong>id</strong></span> <span class='ocrx_word' id='word_1_249' title='bbox 799 2522 880 2552; x_wconf 93' lang='lat' dir='ltr'><strong>non</strong></span> <span class='ocrx_word' id='word_1_250' title='bbox 901 2513 1076 2561; x_wconf 85' lang='lat' dir='ltr'><strong>probare</strong></span> <span class='ocrx_word' id='word_1_251' title='bbox 1098 2512 1234 2552; x_wconf 81' lang='lat' dir='ltr'><strong>dicat?</strong></span> 
     </span>
    </p>

    <p class='ocr_par' dir='ltr' id='par_1_4' title="bbox 252 2590 1707 2803">
     <span class='ocr_line' id='line_1_31' title="bbox 368 2590 1705 2644; baseline -0.001 -10"><span class='ocrx_word' id='word_1_252' title='bbox 368 2590 630 2644; x_wconf 81' lang='lat' dir='ltr'><strong>Chrysippus</strong></span> <span class='ocrx_word' id='word_1_253' title='bbox 661 2592 860 2642; x_wconf 89' lang='lat' dir='ltr'><strong>ampliora</strong></span> <span class='ocrx_word' id='word_1_254' title='bbox 891 2594 1103 2641; x_wconf 87' lang='lat' dir='ltr'><strong>spectasse</strong></span> <span class='ocrx_word' id='word_1_255' title='bbox 1123 2592 1305 2633; x_wconf 90' lang='lat' dir='ltr'><strong>videtur.</strong></span> <span class='ocrx_word' id='word_1_256' title='bbox 1357 2592 1565 2634; x_wconf 89' lang='lat' dir='ltr'><strong>Naturam</strong></span> <span class='ocrx_word' id='word_1_257' title='bbox 1594 2603 1705 2633; x_wconf 88' lang='lat' dir='ltr'><strong>com-</strong></span> 
     </span>
     <span class='ocr_line' id='line_1_32' title="bbox 252 2672 1707 2723; baseline -0.001 -9"><span class='ocrx_word' id='word_1_258' title='bbox 252 2682 419 2714; x_wconf 89' lang='lat' dir='ltr'><strong>munem</strong></span> <span class='ocrx_word' id='word_1_259' title='bbox 442 2683 523 2714; x_wconf 92' lang='lat' dir='ltr'><strong>non</strong></span> <span class='ocrx_word' id='word_1_260' title='bbox 548 2676 631 2713; x_wconf 90' lang='lat' dir='ltr'><strong>tam</strong></span> <span class='ocrx_word' id='word_1_261' title='bbox 652 2682 757 2723; x_wconf 83' lang='lat' dir='ltr'><strong>quae</strong></span> <span class='ocrx_word' id='word_1_262' title='bbox 778 2674 969 2711; x_wconf 87' lang='lat' dir='ltr'><strong>coerceat</strong></span> <span class='ocrx_word' id='word_1_263' title='bbox 988 2674 1030 2711; x_wconf 91' lang='lat' dir='ltr'><strong>et</strong></span> <span class='ocrx_word' id='word_1_264' title='bbox 1049 2672 1249 2722; x_wconf 89' lang='lat' dir='ltr'><strong>reprimat</strong></span> <span class='ocrx_word' id='word_1_265' title='bbox 1276 2673 1467 2722; x_wconf 83' lang='lat' dir='ltr'><strong>sing-ulos</strong></span> <span class='ocrx_word' id='word_1_266' title='bbox 1487 2673 1639 2722; x_wconf 87' lang='lat' dir='ltr'><strong>cuique</strong></span> <span class='ocrx_word' id='word_1_267' title='bbox 1660 2683 1707 2713; x_wconf 88' lang='lat' dir='ltr'><strong>se</strong></span> 
     </span>
     <span class='ocr_line' id='line_1_33' title="bbox 252 2749 1707 2803; baseline 0.001 -10"><span class='ocrx_word' id='word_1_268' title='bbox 252 2750 463 2803; x_wconf 80' lang='lat' dir='ltr'><strong>suincere</strong></span> <span class='ocrx_word' id='word_1_269' title='bbox 485 2753 683 2803; x_wconf 81' lang='lat' dir='ltr'><strong>debeant,</strong></span> <span class='ocrx_word' id='word_1_270' title='bbox 718 2761 838 2802; x_wconf 84' lang='lat' dir='ltr'><strong>quam</strong></span> <span class='ocrx_word' id='word_1_271' title='bbox 861 2761 951 2791; x_wconf 89' lang='lat' dir='ltr'><strong>eam</strong></span> <span class='ocrx_word' id='word_1_272' title='bbox 982 2753 1105 2802; x_wconf 76' lang='lat' dir='ltr'><strong>cujus</strong></span> <span class='ocrx_word' id='word_1_273' title='bbox 1136 2749 1257 2792; x_wconf 84' lang='lat' dir='ltr'><strong>liomo</strong></span> <span class='ocrx_word' id='word_1_274' title='bbox 1288 2753 1376 2802; x_wconf 88' lang='lat' dir='ltr'><strong>ipse</strong></span> <span class='ocrx_word' id='word_1_275' title='bbox 1397 2753 1644 2803; x_wconf 88' lang='lat' dir='ltr'><strong>particulam</strong></span> <span class='ocrx_word' id='word_1_276' title='bbox 1666 2754 1707 2794; x_wconf 90' lang='lat' dir='ltr'><strong>in</strong></span> 
     </span>
    </p>
   </div>
  </div>
 </body>
</html>
