1893 3155
660 247 1139 292 *50—

287 370 398 428 Quid
427 372 565 412 autem
595 370 653 410 sit
673 379 755 420 quo
783 368 856 409 illa
888 362 1021 421 ἀξίαν
1049 368 1245 410 habentia
1266 367 1356 409 sive
1377 364 1635 425 προηγμένα

172 454 479 505 dijudicentur,
523 450 645 490 docet
678 447 887 491 Stobaeus
927 460 968 500 p.
1008 446 1115 499 160,
1160 444 1336 489 Catonis
1376 446 1636 489 enarrationi

171 542 298 583 supra
343 530 538 571 laudatae
586 532 873 580 congruenter
911 530 994 570 ita:
1049 528 1447 585 παραμετρεῖσθαι
1494 523 1546 569 δὲ
1583 522 1636 568 τὸ

170 609 306 666 μέσον
326 610 529 666 καθῆκον
549 604 827 667 ἀδιαφόροις
846 605 952 661 τισί,
986 605 1280 662 καλουμένοις
1299 622 1348 664 γε
1367 603 1482 649 κατὰ
1504 602 1640 664 φύσιν

169 688 246 734 καὶ
273 686 399 747 παρὰ
421 685 579 748 φύσιν,
610 685 821 746 τοιαύτην
842 686 891 731 δὲ
913 683 1103 747 εὐφυΐαν
1123 683 1507 746 προςφερομὲνοις
1526 681 1642 728 ὥστε

169 767 229 828 μὴ
270 765 574 824 λαμβάνωμεν
610 764 725 811 αὐτὰ
764 763 792 825 ἢ
830 764 1126 822 ὃιωθοίμεθα
1177 762 1531 824 ἀπερισπάστως
1578 761 1640 822 μὴ

171 845 508 903 ἆνευόαιμονεῖν
539 849 691 904 („sine
720 849 872 888 damno
903 848 1157 888 felicitatis“
1190 871 1246 878 -—-
1282 847 1356 887 sed
1386 846 1516 887 verba
1547 854 1639 886 cor-

171 933 296 981 rupta
317 931 418 971 sunt
438 929 487 969 de
509 938 591 979 quo
612 938 654 970 v.
680 928 863 970 Heeren.
887 931 930 969 et
949 926 1090 969 Madv.
1114 927 1164 968 ad
1187 924 1264 978 III,
1290 926 1329 982 §.
1353 923 1446 980 60).
1480 923 1531 967 P.
1556 923 1641 966 144

173 1011 319 1051 eadem
338 1011 547 1050 vocantur
575 1006 631 1050 τὰ
663 1011 822 1066 πρῶτα
855 1004 971 1049 κατὰ
994 1004 1129 1066 φύσιν
1149 1005 1226 1050 καὶ
1247 1002 1373 1064 παρὰ
1390 1002 1530 1065 ’φύσιν
1563 1005 1639 1059 (cf.

177 1089 287 1132 Gell.
323 1090 352 1130 l.
379 1090 407 1130 l.
438 1100 478 1140 p.
504 1086 604 1142 38).
669 1086 987 1130 Enumerantur
1024 1092 1164 1130 autem
1193 1099 1216 1128 e
1244 1090 1333 1129 τῶν
1362 1083 1477 1129 κατὰ
1509 1082 1645 1144 φύσιν

176 1179 349 1211 numero
382 1172 424 1209 et
453 1178 506 1207 ex
539 1176 587 1207 ea
619 1168 786 1217 quidem
818 1169 957 1218 specie
988 1178 1094 1218 quae
1123 1168 1175 1208 ad
1207 1168 1395 1208 animum
1434 1166 1646 1217 pertineat

176 1261 215 1300 p.
244 1248 327 1290 146
357 1244 522 1306 εὐφυΐα
553 1248 806 1301 (ingenium)
845 1244 1055 1304 προκοπὴ
1090 1252 1362 1297 (progressus
1391 1247 1435 1286 in
1466 1230 1644 1298 Virtute)

175 1325 346 1386 μνήμη,
378 1322 554 1384 ὀξύτης,
593 1320 796 1379 διάνοια,
830 1324 920 1378 ἕξις
950 1321 1057 1369 καθ’
1079 1308 1131 1384 ἢν
1165 1322 1379 1380 ἑπίμονοί
1408 1323 1537 1379 ἐσμεν
1568 1321 1647 1367 ἐπὶ

177 1409 266 1450 τῶν
291 1403 582 1464 καθηκόντων
611 1404 689 1448 καὶ
718 1404 868 1459 τέχναι
899 1403 1004 1448 ὅσαι
1034 1403 1245 1448 δύνανται
1286 1407 1508 1463 συνεργεῖν
1543 1402 1645 1448 ἐπι-

180 1486 340 1529 πλεῖον
360 1483 476 1542 πρὸς
494 1483 571 1528 τὸν
592 1483 706 1528 κατὰ
729 1484 864 1544 φύσιν
883 1482 985 1541 βίον
1000 1512 1052 1517 --
1072 1487 1180 1527 bona
1200 1488 1295 1537 quis
1316 1487 1472 1537 neget?
1494 1486 1646 1527 summi

182 1566 442 1607 aestimanda
473 1568 515 1605 et
536 1566 643 1614 quod
673 1566 752 1615 ipsi
774 1567 1028 1606 confitentur
1055 1567 1105 1606 ad
1127 1567 1256 1606 vitam
1287 1569 1463 1607 naturae
1494 1576 1646 1606 conve-

124 1657 130 1662 *
181 1646 366 1686 nientem
396 1644 574 1684 multum
603 1645 886 1697 conferentia3
920 1655 1055 1695 neque
1086 1655 1135 1685 eo
1167 1646 1306 1686 minus
1334 1646 1385 1686 ab
1415 1646 1470 1686 iis
1497 1645 1601 1699 ipsis
1623 1654 1648 1685 a

181 1725 332 1775 quibus
354 1727 532 1765 naturae
555 1725 781 1765 convenire
802 1734 1011 1766 summum
1035 1725 1259 1766 haberetur
1278 1735 1353 1776 pro
1374 1725 1647 1766 inferioribus

181 1816 204 1845 a
243 1806 324 1845 fine
363 1805 566 1855 bonorum
606 1806 824 1855 sejuncta!
887 1802 1023 1859 Quam
1064 1803 1429 1857 incongruentiam
1471 1805 1554 1846 nisi
1594 1815 1648 1846 ex

183 1885 327 1925 eodem
348 1894 491 1925 errore
521 1886 710 1935 generali
732 1888 857 1935 atque
880 1887 1047 1926 inanem
1069 1887 1298 1927 officiorum
1320 1889 1363 1926 et
1383 1888 1496 1926 recte
1519 1886 1649 1926 racto-

183 1975 277 2006 rum
298 1947 722 2014 discriminationem,
757 1975 839 2005 non
861 1965 1054 2005 haberem
1084 1966 1194 2006 unde
1223 1969 1469 2015 repeterem.
1519 1964 1648 2006 Nunc

182 2030 260 2083 hoc
290 2046 333 2082 et
361 2043 496 2092 ipsum
528 2043 625 2083 inde
655 2045 796 2093 repeto
827 2043 935 2093 quod
976 2053 1051 2093 per
1089 2046 1219 2084 totam
1249 2044 1357 2084 hanc
1388 2044 1649 2094 disciplinam

187 2124 425 2165 universale
452 2123 665 2164 actionum
696 2127 951 2164 momentum
982 2135 1064 2164 non
1094 2126 1234 2165 inesse
1260 2125 1301 2165 in
1325 2124 1649 2174 particularibus

182 2206 228 2245 ut
249 2213 355 2254 quae
376 2213 398 2243 e
420 2213 466 2243 se
487 2203 637 2254 gignat
658 2213 848 2254 quaeque
867 2207 1078 2256 permeet,
1119 2205 1190 2246 sed
1222 2205 1274 2246 iis
1306 2204 1456 2256 opponi
1485 2205 1649 2256 reperio

181 2286 228 2324 ut
249 2285 443 2333 superius
465 2284 758 2325 inferioribus.
805 2283 875 2326 Sic
897 2286 1008 2325 enim
1030 2286 1266 2335 praeposita
1287 2285 1479 2334 quamvis
1500 2294 1649 2325 secun-

181 2363 277 2404 dum
299 2366 492 2403 naturam
525 2374 619 2404 esse
641 2364 882 2405 dicerentur
910 2367 1119 2405 contemta
1150 2367 1250 2405 sunt
1272 2364 1378 2414 quod
1411 2374 1494 2405 non
1516 2364 1650 2404 conti-

180 2446 328 2483 nerent
359 2444 563 2483 actionem
592 2443 837 2496 honestam3
871 2455 985 2486 mera
1018 2445 1230 2495 susceptio
1257 2444 1488 2494 sapientiae
1508 2453 1583 2494 per
1604 2453 1651 2483 se

179 2523 397 2574 laudatur,
431 2523 629 2564 voluntas
663 2525 790 2565 animi
821 2527 863 2565 et
883 2526 1006 2566 ratio.
1058 2523 1269 2578 Quidquid
1301 2527 1367 2565 est
1387 2534 1439 2564 ex
1468 2524 1521 2564 iis
1543 2532 1650 2572 quae

181 2604 334 2645 hahere
355 2603 546 2643 homines
568 2604 776 2652 dicuntur,
793 2605 917 2645 etiam
941 2605 1069 2645 animi
1092 2605 1316 2645 facultates
1337 2602 1650 2654 praestantissi-

183 2694 273 2724 mae
294 2685 405 2725 inter
426 2684 708 2725 indifferentia
730 2689 967 2737 ponuntur3
991 2686 1070 2725 hoc
1090 2693 1220 2725 unum
1243 2683 1461 2733 quaeritur
1480 2685 1529 2723 ut
1549 2692 1650 2732 quo-

182 2773 260 2812 que
281 2764 485 2815 temporis
513 2766 722 2804 momento
753 2767 954 2805 actuosus
985 2767 1027 2805 et
1047 2764 1321 2815 praeparatus
1351 2762 1576 2813 reperiaris
1598 2762 1651 2803 ad
