1893 3155
676 274 1157 322 ——51--·—-,

188 390 444 441 sequendum
458 378 573 440 ‘duod
594 393 722 433 semel
742 395 958 435 statueris.
994 392 1281 435 Nihilominus
1301 394 1447 442 postea
1468 400 1643 433 neeesse

186 479 282 511 esse
302 468 491 510 sentiunt
510 472 558 510 ut
578 470 733 521 aliquid
754 472 876 521 pretii
896 471 1108 511 tribuatur
1122 474 1250 521 utque
1269 481 1294 511 a
1312 471 1479 512 ratione
1496 471 1643 512 redea-

182 551 255 590 tur
275 548 328 589 ad
349 549 522 599 primam
542 550 848 600 appetitionem.
894 547 1183 599 susceptionis
1203 550 1377 591 altitudo
1396 560 1530 601 paene
1550 549 1642 592 exit

184 628 230 669 in
250 612 545 669 humilitatem.
595 626 756 682 Quippe
776 629 884 670 ratio
911 629 993 669 ista
1014 625 1252 669 Stoicorum
1272 630 1467 679 quoniam
1493 639 1519 670 a
1540 629 1639 670 reli-

185 717 269 758 qua
297 711 450 748 natura
479 708 658 748 hominis
688 718 823 758 neque
852 708 990 748 minus
1021 717 1046 747 a
1071 708 1280 747 communi
1307 708 1521 749 hominum
1550 709 1639 749 viia

184 789 378 836 separata
397 787 573 836 ideoque
600 787 801 837 gignendi
821 787 863 827 vi
883 789 932 827 ut
960 787 1019 826 ita
1038 786 1174 826 dicam
1195 786 1411 838 destituta,
1442 788 1636 838 quamvis

182 864 269 905 alta
297 865 437 906 verbis
466 866 733 916 profiteatur,
776 875 923 915 reapse
952 866 1138 906 muneris
1176 866 1280 906 nihil
1307 867 1446 916 majus
1481 867 1639 917 reperit

69 994 74 1002 Ι
121 966 124 968 -
183 953 307 994 quam
335 944 413 984 hoe
443 947 491 984 ut
519 954 626 993 quae
656 954 680 984 a
709 945 842 994 prima
870 945 1121 995 appetitione
1159 947 1356 995 petantur
1394 946 1447 986 ad
1476 948 1636 987 certam

183 1032 372 1078 normam
392 1023 569 1073 dirigat,
600 1026 642 1063 et
661 1033 768 1073 quae
789 1026 939 1064 natura
959 1032 1034 1063 sua
1063 1024 1233 1073 generis
1260 1024 1430 1065 humani
1458 1025 1637 1066 salutem

184 1103 346 1157 spectat
377 1101 443 1140 hic
464 1101 534 1141 ubi
556 1102 703 1141 efficax
732 1112 826 1142 esse
846 1102 982 1150 coepit
1010 1103 1206 1150 tanquam
1232 1111 1258 1141 a
1278 1102 1448 1153 fastigio
1478 1103 1639 1146 frustra

183 1180 376 1220 affectato
397 1180 562 1229 relapsa
589 1181 631 1225 in
654 1190 744 1220 eam
772 1182 933 1229 partem
954 1180 1186 1221 detrahitur
1205 1190 1286 1230 qua
1318 1182 1362 1222 in
1392 1192 1439 1223 se
1460 1184 1638 1235 quisque

183 1268 413 1299 conversus
443 1261 522 1299 est.
576 1256 752 1310 Qualem
789 1260 928 1297 autem
958 1258 1009 1297 ad
1038 1258 1302 1299 insolentiam
1332 1270 1380 1300 ea
1411 1262 1481 1301 via
1510 1272 1633 1312 quam

182 1336 313 1376 semel
333 1337 515 1386 ingressi
545 1340 687 1377 essent
706 1336 871 1376 deducti
901 1336 987 1376 sint
1008 1336 1044 1376 si
1072 1347 1155 1377 non
1183 1339 1272 1377 tota
1292 1338 1510 1389 disciplina
1530 1351 1635 1383 non-

181 1415 297 1456 nulla
317 1415 470 1465 placita
491 1416 849 1467 demonstrarent,
879 1400 1030 1466 quihus
1058 1416 1300 1466 turpissima
1319 1419 1521 1467 quaedam
1547 1423 1591 1461 et
1610 1430 1636 1461 a

183 1494 336 1544 quibus
355 1494 537 1534 humana
566 1497 717 1535 natura
738 1495 805 1535 vel
824 1495 1005 1535 maxime
1024 1494 1245 1535 abhorreat
1272 1496 1383 1536 inter
1403 1491 1635 1555 ἀδιάφορα

182 1575 397 1623 ponuntur
416 1573 482 1628 (V.
504 1571 659 1613 Ritter.
683 1583 724 1622 p.
748 1570 870 1625 647).
920 1570 1112 1622 Denique
1131 1582 1261 1622 quum
1282 1574 1372 1613 sola
1394 1575 1482 1616 sere
1502 1576 1637 1616 forma

183 1652 395 1692 actionum
429 1653 642 1702 spectetur
665 1653 781 1701 jacet
809 1651 944 1691 omnis
983 1652 1159 1692 materia
1187 1652 1428 1703 disciplinae
1467 1655 1637 1695 moralis

143 1780 146 1783 s
182 1740 329 1786 parum
350 1731 608 1771 conformata
628 1740 651 1770 e
671 1730 866 1783 principii,
881 1730 1116 1771 altitudine.

195 1864 198 1866 ‚
299 1807 434 1863 Quale
455 1812 595 1849 autem
615 1810 692 1849 hoc
722 1809 778 1849 sit
798 1809 907 1859 quod
937 1819 1013 1849 nos
1035 1819 1161 1859 quum
1182 1810 1234 1849 ad
1259 1809 1369 1852 hunc
1390 1811 1635 1862 disciplinae

162 1927 165 1929 a
182 1889 317 1938 locum
339 1891 582 1938 perventum
605 1891 670 1928 est
682 1888 918 1928 desiderare
933 1897 1010 1928 nos
1031 1889 1287 1939 profitemur,
1307 1889 1457 1930 melius
1473 1892 1634 1933 nostris

181 1969 453 2014 illustrabunt
470 1968 598 2008 verba
620 1965 987 2011 Schleiermacheri
1008 1978 1048 2017 p.
1075 1965 1157 2007 146
1178 1970 1220 2007 et
1241 1978 1334 2017 squ.
1369 1966 1634 2018 „Entweder

182 2047 291 2089 wird
311 2047 385 2088 der
406 2046 590 2087 sittliche
609 2044 737 2087 Trieb
769 2046 831 2087 als
859 2045 987 2087 allein
1015 2045 1119 2086 alles
1149 2045 1429 2090 bestimmend'
1444 2047 1544 2088 oder
1563 2058 1635 2089 ne-

183 2128 262 2167 ben
280 2128 366 2167 ihm
386 2127 492 2166 noch
513 2127 580 2166 ein
602 2127 778 2165 anderer
797 2126 1062 2175 zugelassen.
1115 2123 1177 2164 Im
1208 2125 1411 2166 letzteren
1431 2124 1525 2166 Fall
1545 2130 1635 2167 ent-

183 2207 329 2247 stehen
370 2205 435 2245 die
463 2202 783 2254 Mitteldinge.“
808 2229 859 2234 —
893 2213 934 2253 p.
960 2201 1065 2256 147.
1120 2200 1235 2253 „Die
1273 2204 1636 2251 vorzimiehenden

182 2282 320 2334 Dinge
351 2284 414 2324 bei
446 2283 525 2323 den
542 2280 745 2323 ‘Stoikern
779 2306 827 2311 -
855 2304 906 2311 —
928 2280 1021 2320 sind
1042 2280 1258 2330 dasjenige
1286 2290 1402 2331 was,
1435 2291 1531 2323 man
1561 2284 1633 2323 be-

184 2363 350 2404 stimme
378 2372 422 2402 es
452 2372 499 2402 so
528 2361 627 2402 oder
655 2361 829 2410 andem,
869 2360 935 2400 die
964 2355 1222 2400 Sittlichkeit
1252 2359 1394 2404 weder
1422 2361 1635 2403 vermehrt

183 2441 291 2482 noch
322 2440 599 2489 vermindert,
634 2439 813 2479 sondern
843 2447 924 2479 nur
949 2437 1016 2478 die
1038 2434 1280 2478 Oberfla‘che
1305 2437 1420 2484 ihrer
1437 2436 1635 2482 Erschei-

186 2530 304 2571 nung
331 2519 558 2573 gleichsam
590 2518 700 2558 farbt
727 2518 813 2558 und
840 2517 1075 2559 vertindert.
1102 2540 1154 2547 -
1182 2514 1264 2557 Ein
1291 2516 1335 2557 in
1356 2516 1431 2558 der
1456 2518 1636 2560 wissen-

187 2600 460 2649 schal'tlichen
487 2596 619 2639 Ethik
654 2607 764 2649 ganz
804 2595 1104 2637 unstatthal'ter
1130 2593 1316 2647 Begriff,
1358 2596 1543 2638 welcher
1567 2598 1636 2639 die

188 2678 417 2732 Stetigkeit
447 2680 519 2719 des
550 2677 760 2719 sittlichen
781 2674 945 2716 Lebens
976 2675 1084 2716 stiirt
1111 2676 1197 2716 und
1224 2675 1290 2716 die
1309 2673 1536 2718 Wahrheit
1566 2677 1640 2719 der

190 2760 403 2802 ethischen
425 2756 548 2799 Ideen
579 2755 811 2809 iiberlnaupt
837 2754 1084 2805 verdiiehtig
1113 2755 1272 2805 maeht‚
1306 2754 1444 2796 indem
1469 2765 1518 2798 er
1544 2766 1640 2799 ver-

1303 2822 1358 2863 4*
