1893 3155
715 248 1196 297 460..—

222 375 505 427 disputatione
525 374 691 425 quidem
723 373 774 414 ab
795 373 1020 425 universa,
1054 374 1096 414 in
1118 373 1375 426 cogitatione
1403 382 1504 414 vero
1535 372 1586 414 ab
1614 372 1693 414 hu-

223 466 345 496 mana
369 458 517 496 natura
541 455 752 505 profectos
775 464 870 495 esse
891 455 1089 495 arbitror.

335 533 536 574 Errorem
566 534 701 584 igitur
722 531 962 575 Stoicorum
983 523 1032 575 111
1060 536 1148 584 jam
1172 543 1299 584 supra
1329 533 1567 583 significavi
1596 542 1693 573 eum

224 613 355 654 fuisse
375 623 526 654 censeo
548 614 659 664 quod
690 614 732 654 in
764 613 948 655 hominis
971 616 1122 655 natura
1143 613 1415 655 describenda
1446 612 1695 653 rationalem

222 694 315 742 ejus
337 695 497 742 partem
520 693 652 733 solam
669 696 717 734 et
738 696 973 744 separatam
1004 696 1262 745 spectarunt.
1298 690 1435 747 Quam
1455 692 1694 744 superiores

222 776 265 813 et
295 774 374 823 ipsi
398 775 488 823 jam
518 774 721 814 fecissent
749 774 861 814 inter
892 774 1140 814 rationalem
1172 776 1215 814 et
1247 773 1534 814 irrationalem
1565 773 1696 813 animi

221 855 381 904 partem
419 854 743 904 oppositionem,
788 863 881 894 eam
913 851 1045 896 Stoici
1085 853 1137 894 ad
1178 863 1384 894 summam
1424 853 1695 903 asperitatem
1748 904 1750 906 v

222 937 550 983 exaggerarunt.
603 931 869 988 Quaeramus
901 934 1012 974 enim
1041 934 1158 974 illius
1188 944 1241 973 ex
1263 943 1345 983 qua
1378 933 1467 973 sola
1497 936 1694 973 naturam

223 1013 559 1064 interpretantur
578 1014 756 1055 rationis
778 1024 886 1064 quae
920 1014 976 1055 sit
995 1014 1063 1055 vis
1085 1016 1127 1054 et
1146 1016 1349 1065 potestas.
1381 1011 1479 1054 Non
1502 1013 1554 1054 ab
1574 1012 1696 1053 initio

224 1093 266 1134 in
300 1094 439 1139 animo
467 1095 609 1145 viget3
644 1094 777 1135 multa
807 1094 963 1135 transit
993 1096 1110 1134 aetas
1140 1094 1270 1133 donec
1301 1090 1520 1153 dispiciat,
1560 1102 1695 1142 neque

224 1172 359 1223 igitur
389 1174 474 1214 ulla
495 1174 676 1214 hominis
699 1173 830 1214 donee
861 1175 939 1215 1106
960 1175 1032 1214 flat
1052 1173 1228 1214 honesta
1259 1173 1369 1213 actio
1400 1182 1496 1213 esse
1527 1174 1693 1224 potest3

225 1252 480 1302 simulatque
499 1263 601 1293 vero
622 1254 819 1303 dispexit,
854 1255 1008 1302 regnat
1027 1254 1069 1291 et
1089 1253 1275 1302 perfecte
1296 1255 1447 1302 regnat
1468 1255 1510 1292 et
1530 1261 1695 1292 omnem

224 1340 299 1380 per
318 1332 448 1372 vitam
470 1332 704 1382 aequaliter
724 1335 887 1384 regnat.
925 1328 1129 1373 Crescere
1150 1332 1201 1372 ab
1223 1332 1300 1372 hac
1316 1331 1474 1372 virtute
1494 1331 1693 1382 alienum,

225 1421 307 1461 qua
328 1414 402 1452 aut
422 1413 555 1452 uteris
578 1416 652 1453 aut
673 1423 756 1453 non
778 1414 928 1464 uteris,
953 1415 1028 1453 aut
1049 1413 1216 1463 sapiens
1239 1414 1313 1453 aut
1333 1411 1506 1452 stultus.
1549 1410 1609 1452 At
1629 1411 1696 1452 1116

226 1494 379 1533 natura
428 1493 610 1534 hominis
658 1494 731 1534 illa
771 1494 861 1544 ipsa
909 1503 1035 1543 quam
1086 1493 1204 1543 sequi
1244 1493 1505 1543 propositum
1545 1492 1698 1533 ruisset

227 1575 410 1622 spretam
433 1583 528 1613 sese
549 1574 746 1614 clamabit
767 1575 803 1614 si
824 1575 902 1615 hoc
920 1574 1132 1615 sublatum
1154 1573 1212 1613 sit
1232 1575 1280 1613 111
1300 1573 1351 1612 ab
1372 1572 1495 1612 initio
1516 1574 1695 1624 crescat,

228 1652 340 1692 vires
373 1656 569 1693 exerceat
600 1656 643 1694 et
663 1654 882 1705 explanet,
917 1657 960 1694 et
979 1654 1031 1694 ad
1052 1655 1166 1694 vitae
1195 1653 1354 1693 exitum
1384 1652 1520 1702 magis
1541 1652 1697 1703 magis-

227 1741 308 1782 que
338 1733 388 1772 ad
419 1734 715 1783 perfectionem
747 1735 813 1774 sui
844 1734 1003 1775 tendat.
1057 1731 1190 1776 Stoici
1222 1743 1274 1773 ex
1305 1742 1391 1773 una
1419 1732 1699 1782 intelligentia

225 1812 425 1852 virtutem
448 1813 650 1854 ducentes
672 1817 811 1855 cetera
841 1817 1020 1855 naturae
1051 1813 1256 1854 elementa
1286 1813 1329 1853 in
1360 1812 1609 1853 servitutem
1631 1821 1698 1854 re-

225 1892 452 1944 degerunt,
485 1903 633 1943 parum
655 1895 1037 1936 animadvertentes
1067 1894 1193 1935 aliam
1223 1894 1266 1934 in
1289 1893 1428 1934 animo
1449 1894 1532 1933 vim
1554 1893 1696 1934 inesse

226 1983 249 2012 6
278 1983 360 2023 qua
391 1976 438 2013 ut
468 1975 609 2014 omnia
647 1978 824 2015 naturae
855 1976 1062 2016 elementa
1092 1974 1418 2015 conciliarentur
1446 1974 1697 2025 principium

225 2053 399 2093 virtutis
429 2054 562 2103 repeti
584 2054 768 2094 deberet.
822 2052 959 2108 Quam
980 2057 1120 2095 autem
1148 2063 1238 2093 eam
1260 2054 1346 2093 vim
1368 2064 1462 2094 esse
1484 2054 1699 2095 dicemus?

228 2130 516 2174 Voluntatem.
570 2131 779 2175 Voluntas
809 2145 834 2175 a
866 2132 1021 2176 Stoicis
1050 2136 1215 2174 tantum
1243 2133 1294 2174 ad
1327 2134 1545 2175 formalem
1573 2143 1698 2183 quam

227 2212 458 2263 philosophi
490 2217 643 2254 vocant
670 2214 827 2254 liberae
857 2215 1138 2265 susceptionis
1167 2213 1253 2254 vim
1283 2214 1514 2265 accipitur,
1549 2222 1698 2258 revera

226 2294 315 2343 ipsa
336 2294 402 2334 vel
424 2294 631 2335 virtutum
652 2294 719 2335 vel
742 2295 941 2335 vitiorum
965 2294 1127 2335 semina
1147 2295 1191 2335 in
1214 2305 1260 2335 56
1282 2295 1469 2336 6011111161
1489 2303 1699 2344 quamque

225 2374 285 2414 illi
307 2374 358 2415 ad
386 2375 564 2415 rationis
585 2376 805 2426 imperium
826 2375 1093 2426 restringunt
1123 2385 1171 2415 ea
1192 2375 1382 2426 profecto
1414 2377 1544 2415 totam
1577 2376 1699 2415 natu-

224 2464 313 2495 ram
335 2456 641 2506 complectitur.
695 2455 811 2497 Haec
831 2459 922 2498 tum
954 2457 997 2497 in
1020 2456 1201 2507 singulis
1231 2456 1383 2497 malam
1412 2456 1634 2498 rationalis
1655 2458 1699 2496 et

224 2535 481 2577 irrationalis
502 2536 631 2577 animi
662 2537 844 2587 partium
867 2536 1116 2578 discordiam
1150 2536 1348 2578 conciliat
1369 2561 1422 2567 —
1441 2536 1557 2587 prior
1584 2535 1697 2576 enim

223 2618 265 2655 et
286 2618 421 2667 major
441 2619 592 2667 regnat
613 2619 793 2667 utraque
815 2641 869 2649 —
892 2620 981 2658 tum
1011 2618 1054 2659 in
1077 2617 1290 2659 universis
1309 2617 1534 2657 immanem
1556 2617 1600 2656 et
1623 2624 1696 2656 su-

224 2697 391 2745 perbam
412 2697 665 2747 sapientium
687 2700 729 2736 et
750 2698 976 2738 stultorum
999 2697 1403 2739 discriminationem
1424 2695 1559 2747 tolllt3
1582 2694 1697 2736 valet

225 2774 334 2816 enim
366 2776 408 2817 in
438 2776 648 2818 omnibus.
701 2774 742 2817 A
763 2776 979 2819 voluntate
1009 2788 1172 2819 omnem
1202 2787 1311 2829 quae
1339 2786 1443 2818 sana
1469 2785 1564 2817 esse
1590 2775 1695 2817 vetll
