1893 3155
705 265 1184 309 ,,-,.4()---ἡ

214 384 369 434 τέλους
388 384 674 435 exponendum
695 384 776 424 sibi
797 384 1076 435 proposuerit,
1101 393 1185 424 una
1203 382 1313 422 serie
1334 383 1461 422 etiam
1481 381 1532 422 de
1551 382 1672 422 bonis

215 468 258 505 et
277 464 398 505 malis
419 472 509 513 cap.
536 460 603 513 10,
628 463 679 503 de
699 463 927 505 virtutibus
948 466 990 504 et
1009 462 1127 503 vitiis
1148 472 1185 502 0.
1208 459 1279 511 11,
1304 461 1355 502 de
1374 468 1514 502 rerum
1538 461 1673 512 digni-

215 545 302 583 tate
331 553 368 583 0.
396 540 564 584 15-17
594 542 822 593 disputare.
881 540 1001 596 Quae
1031 540 1258 592 disputatio
1289 540 1356 581 vel
1385 540 1476 581 sola
1504 540 1674 582 demon—

214 623 321 661 strat
348 620 392 660 in
420 621 534 672 locu,
565 621 637 671 qui
660 621 741 662 suit
768 618 875 678 περὶ
902 617 1057 670 τέλους
1084 620 1211 671 longe
1239 619 1321 660 alia
1353 627 1378 659 a
1400 615 1557 660 Stoicis
1587 621 1674 659 tra-

212 703 324 739 ctata
346 710 440 740 esse
460 704 587 750 atque
608 712 716 750 quae
735 700 1005 741 Petersenius
1026 710 1065 749 p.
1081 697 1166 740 283
1187 702 1368 738 tractata
1390 708 1484 738 esse
1506 699 1669 738 statuit.

214 776 355 832 Quum
386 780 496 820 enim
518 782 729 821 notionem
751 782 845 821 iinis
867 780 1105 830 categoriae
1127 778 1393 829 aliquomodo
1414 788 1461 818 se
1481 778 1673 819 habentis

212 858 506 909 subjunxerit,
541 860 666 900 etiam
695 860 918 900 inferiores
946 859 1182 909 categorias
1204 842 1311 899 Ι111110
1340 857 1546 907 superiori
1576 857 1673 898 sub-

209 937 380 985 junctas
401 938 443 978 in
465 938 545 979 loci
567 936 672 995 περὶ
691 935 846 988 τέλους
873 938 1080 988 capitibus
1101 938 1215 978 cerni
1237 919 1451 977 contendit
1470 936 1594 986 idque
1613 936 1673 976 ita

214 1018 452 1068 extorquet,
478 1021 525 1058 ut
545 1018 768 1069 categoriis
791 1014 926 1058 ποιὸν
955 1021 997 1057 01
1024 1013 1167 1059 ποσὸν
1205 1016 1483 1066 respondeant
1518 1012 1673 1072 ἐπιτη-

1458 1091 1670 1147 δεύματα,

534 1200 584 1206 -—
645 1199 700 1206 —-
731 1176 824 1217 ποῦ
845 1177 888 1216 et
907 1170 1020 1217 πότε
1450 1166 1670 1229 εὐκαιρία,

531 1278 585 1283 -—
645 1278 697 1283 *-
736 1252 926 1304 σχέσεως
947 1254 987 1292 11.
1013 1263 1051 1291 e.
1075 1254 1141 1307 τῷ
1168 1253 1355 1293 κεῖσθαι
1384 1247 1670 1303 εὐδαιμονία,

1217 1332 1282 1385 τῷ
1303 1326 1417 1382 ἔχειν
1438 1325 1670 1385 ὁμολογία,

529 1433 582 1440 ·-—
644 1434 701 1440 ——
731 1407 941 1467 κινήσεως
955 1410 995 1449 11.
1011 1420 1048 1449 0.
1066 1411 1130 1464 τῷ
1152 1409 1302 1450 ποιεῖν
1323 1411 1365 1448 et
1384 1409 1447 1464 τῷ
1468 1404 1671 1460 πάσχειν,

1013 1491 1127 1527 recte
1150 1489 1260 1527 sacta
1281 1491 1322 1526 et
1343 1490 1456 1526 recte
1480 1487 1668 1525 tolerata.

333 1562 452 1617 Quae
473 1565 534 1605 uti
563 1575 688 1615 prope
709 1566 849 1606 omnia
877 1576 960 1607 non
982 1566 1232 1606 auctoritate
1262 1565 1332 1604 sed
1362 1564 1673 1614 excogitatione

217 1644 431 1689 nituntur,
465 1646 634 1692 propter
653 1644 827 1684 nimium
858 1644 986 1683 semel
1016 1645 1271 1683 momentum
1299 1643 1524 1692 categoriis
1545 1642 1674 1682 adtri-

216 1720 361 1761 butum
385 1722 552 1762 inventa
568 1752 578 1771 ,
611 1722 673 1762 sic
693 1722 896 1772 plurimas
924 1723 1153 1772 provocant
1173 1720 1469 1761 dubitationes.
1523 1719 1674 1763 Studia

214 1800 305 1838 sive
326 1796 657 1856 ἑπιτηδεύματα
678 1811 784 1850 quae
805 1802 985 1851 primum
1007 1803 1132 1850 caput
1164 1800 1409 1840 efficiuntur
1428 1800 1672 1850 intelligun-

216 1881 285 1918 tur
315 1880 467 1919 artium
501 1880 756 1928 liberalium,
802 1891 906 1929 quas
939 1879 1056 1922 Stob.
1082 1880 1216 1928 eclog.
1251 1880 1336 1919 0111.
1361 1889 1401 1928 p.
1429 1878 1512 1920 120
1543 1877 1672 1933 (Hee-

203 1960 328 2009 1011.)
357 1958 489 1997 veluti
520 1953 824 2013 φιλομουσίαν
850 1955 927 1998 καὶ
958 1953 1375 2014 φιλογραμματείαν
1403 1954 1481 1997 καὶ
1510 1955 1672 2012 φιλιπ-

217 2029 328 2074 πίαν
348 2036 593 2083 ceterasque
615 2030 867 2089 ἐγκυκλίους
893 2035 1025 2074 refert
1045 2032 1209 2075 Stoicos
1246 2043 1327 2074 non
1358 2034 1469 2073 inter
1489 2029 1673 2089 ἐπιστή-

214 2126 323 2163 μας,
355 2113 426 2151 sed
450 2113 560 2152 inter
580 2111 693 2163 ἕξεις
714 2108 969 2161 σπουδαίας
996 2113 1192 2153 habuisse
1223 2115 1265 2152 et
1285 2112 1560 2161 descripsisse
1581 2114 1672 2152 tan-
1752 2159 1754 2161 v

216 2199 340 2238 quam
369 2186 475 2231 ὁδὸν
505 2188 582 2232 διὰ
618 2189 767 2248 τέχνης
807 2188 971 2248 ἡμέρου
1013 2185 1207 2246 ἶίγουσαν
1236 2185 1330 2232 κατ’
1362 2184 1542 2247 ἅρετήν,·
1579 2190 1673 2230 ideo

213 2271 351 2308 autem
374 2269 468 2318 quis
490 2270 633 2311 credat
653 2271 704 2310 ab
725 2270 790 2310 liis
812 2270 1062 2320 principium
1086 2270 1219 2311 fuisse
1240 2269 1537 2319 disputationis
1565 2265 1674 2324 περὶ

211 2343 390 2396 τέλουςῖ
418 2347 562 2389 Ν111110
594 2349 705 2389 0111111
736 2349 924 2399 profecto
957 2348 1115 2389 honore
1143 2359 1167 2389 a
1189 2347 1435 2389 Petersenio
1464 2350 1674 2398 augentur

211 2436 336 2475 quum
369 2437 408 2476 p.
444 2426 529 2469 283
557 2428 695 2470 locum
725 2425 832 2484 περὶ
868 2425 1023 2476 τέλους
1054 2428 1343 2478 descripturus
1380 2428 1443 2469 sic
1482 2427 1667 2469 orditur:

212 2505 425 2554 „primum
441 2506 722 2555 quaerendum
745 2508 811 2546 est
830 2516 937 2556 quae
958 2507 1097 2547 studia
1119 2516 1143 2547 e
1163 2507 1322 2548 virtute
1344 2507 1484 2547 eliciat
1503 2507 1669 2554 natura,

209 2586 255 2623 ut
275 2584 465 2624 homines
496 2584 575 2624 sibi
597 2585 837 2625 obedientes
859 2586 1049 2636 saciat;“
1082 2588 1125 2625 et
1154 2588 1300 2635 postea
1329 2585 1374 2626 in
1405 2583 1582 2633 pleniori
1603 2578 1672 2623 de·

211 2662 439 2711 scriptione
461 2673 500 2712 p.
527 2660 635 2702 312:
664 2666 877 2712 „naturae
900 2664 968 2703 lex
992 2666 1039 2704 ut
1059 2666 1172 2703 recte
1193 2663 1459 2712 intelligatur
1478 2663 1522 2700 et
1540 2660 1673 2701 1101111-

209 2749 283 2779 nes
305 2740 383 2781 sibi
403 2741 642 2783 obedientes
666 2741 807 2791 saciat‚
840 2742 978 2781 studio
1000 2742 1254 2790 litterarum,
1279 2740 1467 2781 doctrina
1487 2741 1531 2779 et
1550 2738 1672 2780 insti-
