1893 3155
170 298 441 354 potissimum
467 297 660 349 persequi
692 295 809 337 volui
841 307 918 337 nec
948 297 999 337 de
1027 276 1232 348 principio
1253 297 1472 347 quaerenti
1503 297 1643 339 omnis

171 381 473 428 definitionum,
506 376 777 428 divisionum,
810 379 1129 428 praeceptorum
1151 378 1269 429 copia
1290 378 1519 429 promenda
1539 378 1637 420 mit.

173 458 309 512 Cujus
339 466 531 509 magnam
562 458 722 507 partem
756 456 828 499 diu
857 457 1106 509 judicarunt
1134 457 1216 500 viri
1248 457 1358 500 docti
1387 467 1471 500 non
1499 449 1587 500 tam
1616 468 1640 500 e

170 540 362 592 principii
385 540 502 580 fonte
523 538 744 579 deductam
767 548 891 588 quam
920 541 1091 589 propter
1111 550 1202 580 eam
1224 540 1274 580 de
1295 550 1376 589 qua
1410 539 1531 579 modo
1549 540 1642 584 ‚dixi

170 621 446 664 erudItionem
466 618 688 660 adductam
704 628 799 660 esse
819 617 969 660 videri.
1001 615 1110 660 Mihi
1131 622 1272 671 autem
1293 619 1427 670 ipsius
1447 619 1642 670 principit

170 701 409 752 explanatio
441 702 484 740 et
504 699 625 749 quasi
646 699 714 739 via
745 698 1035 749 persequenda
1065 698 1168 750 fuit3
1201 699 1252 739 ad
1282 708 1406 748 quam
1436 699 1641 749 reliquam

170 781 401 823 doctrinam
423 781 648 820 annectere
670 780 712 818 et
733 777 978 818 facillimum
1001 778 1114 819 soret
1133 787 1211 819 nec
1231 778 1482 829 principium
1503 779 1641 830 ipsum

172 862 222 903 ad
245 860 541 902 illustrandum
561 858 741 899 multum
765 858 992 899 conferret.

853 1128 890 1175 g.
910 1106 967 1165 8.

287 1257 426 1302 Unum
467 1262 629 1302 restare
657 1260 827 1303 videtur
856 1263 904 1303 ut
938 1259 1044 1311 quod
1088 1259 1361 1310 exposuimus
1393 1259 1640 1310 disciplinae

170 1342 341 1382 moralis
368 1342 618 1392 principium
645 1341 687 1382 id
724 1341 773 1382 ad
805 1341 995 1382 veritatis
1036 1349 1225 1381 normam
1265 1339 1556 1381 examinemus
1597 1342 1640 1381 et

129 1447 141 1454 ,
171 1422 467 1472 dijudicemus.
519 1419 631 1462 Nam
663 1421 724 1461 sic
747 1421 912 1461 demum
941 1420 1142 1460 historiae
1167 1420 1474 1471 philosophicae
1495 1420 1639 1471 explo-

171 1502 280 1542 ratio
302 1504 343 1541 ct
364 1511 488 1542 suum
505 1511 610 1552 opus
631 1501 820 1551 perficiet
840 1503 882 1541 ct
897 1500 1181 1551 philosophiae
1202 1500 1281 1550 ipsi
1304 1500 1488 1562 fructum
1510 1500 1635 1551 reret,
1700 1558 1704 1560 ἢ

172 1581 209 1622 si
238 1581 417 1632 primum
448 1581 600 1621 tradita
624 1580 849 1632 diligenter
878 1580 1148 1632 exposueris,
1184 1580 1333 1621 deinde
1360 1590 1462 1621 vero
1491 1590 1637 1622 eorum

171 1669 278 1708 quae
306 1661 520 1700 inveneris
552 1661 797 1710 dignitatem
829 1663 871 1699 et
891 1661 1113 1700 veritatem
1140 1660 1291 1710 judicii
1324 1661 1517 1701 acumine
1537 1661 1637 1701 exa-

169 1740 411 1781 minaveris.
464 1737 612 1790 Itaque
628 1742 716 1790 jam
739 1741 830 1791 ipsa
851 1740 1058 1790 expositio
1079 1740 1436 1780 examinationem
1464 1749 1636 1790 praepa-

167 1829 262 1861 rare
284 1820 440 1861 debuit.
491 1818 691 1871 Principii
714 1821 824 1861 enim
845 1821 959 1861 illius
980 1821 1063 1861 vim
1088 1823 1129 1861 et
1151 1820 1403 1861 sententiam
1424 1820 1522 1861 dum
1543 1830 1636 1871 per-

168 1900 385 1950 sequimur
404 1910 486 1950 quo
518 1901 690 1951 longius
720 1901 898 1951 gradum
927 1901 1180 1951 protulimus
1204 1910 1253 1942 eo
1275 1900 1413 1950 magis
1433 1909 1636 1950 apparere
1676 1891 1681 1893 ’

167 1988 343 2019 necesse
365 1979 469 2030 suit,
504 1980 655 2029 quibus
676 1980 778 2020 illud
807 1980 850 2019 in
871 1980 1061 2029 partibus
1081 1989 1228 2031 parum
1250 1980 1498 2020 satisfacere
1518 1988 1636 2030 repe-

167 2058 342 2099 riretur.

283 2135 506 2179 Peraetum
548 2139 682 2190 igitur
721 2149 891 2181 cursum
934 2140 1191 2191 cogitatione
1229 2150 1400 2190 mecum,
1429 2140 1634 2191 repetenti

167 2218 387 2260 discrimen
411 2220 615 2270 quoddam
648 2232 693 2262 se
717 2222 869 2263 obtulit
898 2223 1199 2271 gravissimum
1226 2224 1268 2262 et
1289 2222 1397 2272 quod
1424 2221 1632 2272 judicium

164 2298 315 2341 laturis
348 2299 551 2352 duplicem
582 2302 785 2342 rationem
820 2302 1109 2343 demonstrare
1140 2303 1370 2344 videretur.
1422 2300 1629 2343 Recorde-

163 2388 258 2420 mur
289 2381 398 2421 enim
426 2382 520 2421 viae
550 2392 675 2432 quam
703 2383 746 2422 in
778 2383 1041 2433 expositione
1078 2384 1213 2424 secuti
1244 2391 1415 2435 sumus3
1458 2390 1540 2432 qua
1571 2381 1632 2422 ita

162 2462 424 2510 perreximus
446 2465 493 2503 ut
507 2463 646 2513 -ipsius
673 2463 866 2514 principii
888 2466 1087 2513 tanquam
1105 2464 1323 2504 historiam
1345 2462 1630 2503 describentes

155 2550 184 2580 a
206 2542 338 2591 prima
370 2542 636 2592 susceptione
663 2543 838 2593 profecti
866 2526 1089 2594 gradatim'
1108 2544 1159 2585 ad
1182 2544 1439 2584 definitiores
1461 2544 1637 2598 senten-t

161 2620 242 2662 tias
262 2622 594 2672 perveniremus.
646 2620 755 2674 Ejus
775 2624 909 2675 igitur
929 2624 1024 2665 viae
1045 2633 1169 2675 quam
1190 2623 1303 2664 inter
1322 2632 1369 2663 se
1390 2621 1630 2679 discrepent

161 2701 196 2740 si
219 2701 400 2752 dignitas
424 2704 639 2753 spectetur
656 2703 823 2745 initium
845 2707 886 2745 et
907 2705 1065 2756 exitus,
1089 2713 1234 2745 omnes
1254 2712 1419 2743 mecum
1442 2702 1630 2743 sensisse
