1893 3155
772 238 1252 285 *29*-

282 369 377 402 cum
407 360 604 402 universo
634 360 739 411 rapi.
801 359 883 410 Ad,
898 362 1012 401 certa
1043 363 1182 402 autem
1212 359 1345 401 officia
1366 358 1606 400 deducenda
1634 359 1742 402 idem

281 435 431 490 κοινὸς
457 435 589 496 λόγος
615 442 815 490 quantum
845 439 957 481 absit
988 441 1036 480 ut
1067 439 1243 481 idoneus
1274 424 1367 491 sit,
1395 439 1484 490 ipsa
1514 435 1741 492 Chrysippi

283 520 409 560 verba
430 529 557 570 supra
577 530 601 561 e
621 519 746 571 Diog.
771 518 823 561 L.
848 517 945 570 VH,
970 517 1026 562 88
1047 519 1197 560 allata:
1223 514 1352 562 οὐδὲν
1372 516 1657 577 ἐνεργοῦντας
1676 513 1739 563 ὧν

282 594 576 657 ἀπαγορεύειν
606 594 770 642 εἴωθεν
801 595 825 641 ὃ
853 595 990 653 νόμος
1010 594 1035 641 ὃ
1056 595 1207 648 κοινὸς
1232 599 1388 650 insigni
1420 600 1540 641 modo
1570 601 1738 643 demon-

281 682 419 720 strant
433 682 475 720 et
495 680 615 729 quasi
636 680 901 720 confitentur.
944 677 1116 720 Scilicet
1136 680 1197 719 uti
1220 676 1416 720 Socrates
1437 680 1654 723 daemonio
1675 683 1738 723 illi

282 768 359 799 suo
380 758 511 799 solam
528 758 733 799 retinendi
755 760 796 798 et
810 758 992 809 velandi,
1017 758 1126 798 haud
1142 742 1274 808 aeque
1297 759 1487 798 movendi
1504 762 1547 799 et
1562 761 1735 810 jubendi

281 839 365 879 vim
393 839 625 888 tribuebat,
659 838 720 878 sic
749 838 917 878 omnino
946 837 1148 887 ejusmodi
1180 838 1350 878 numina
1380 838 1423 878 in
1454 849 1575 891 aere,
1610 844 1657 882 ut
1676 842 1735 882 ita

282 916 430 967 dicam,
455 918 497 957 et
518 917 696 958 nubibus
715 917 794 957 hoc
815 919 881 957 est
900 917 943 958 in
963 917 1124 958 incerta
1148 917 1320 968 regione
1339 918 1553 959 versantia
1574 920 1621 960 ut
1641 928 1735 969 pro-

280 997 396 1034 mant
415 995 625 1035 interdum
641 996 741 1045 quid
761 1005 843 1035 non
860 996 1005 1046 velint,
1020 997 1094 1036 vix
1110 998 1302 1046 proment
1318 996 1416 1045 quid
1434 997 1579 1036 velint.
1604 996 1735 1046 Atqui

227 1124 230 1126 ,
281 1076 375 1125 ejus
394 1075 564 1125 generis
585 1075 710 1115 etiam
729 1075 864 1125 legem
893 1075 1017 1115 istam
1040 1075 1287 1115 mundanam
1309 1084 1403 1115 esse
1423 1074 1497 1115 vix
1516 1075 1735 1125 quisquam

281 1153 362 1194 erit
382 1153 482 1203 quin
503 1154 658 1195 sentiat
684 1156 727 1194 et
747 1153 960 1194 concedat.
1016 1150 1155 1206 Quum
1184 1156 1323 1194 autem
1353 1163 1405 1193 ex
1436 1154 1635 1195 universa
1664 1164 1737 1195 na-

279 1234 374 1272 tura
404 1235 601 1282 tanquam
633 1243 656 1272 e
675 1243 829 1283 genere
859 1234 1019 1283 species
1041 1233 1207 1273 ducitur
1237 1235 1385 1273 natura
1415 1233 1611 1284 humana,
1645 1237 1735 1275 tum

280 1312 436 1352 certius
458 1312 619 1352 definiri
639 1313 815 1363 poterit,
851 1322 1054 1362 quaenam
1077 1312 1236 1352 homini
1260 1312 1507 1353 sustinenda
1537 1313 1624 1353 sint
1645 1323 1734 1354 mu-

280 1399 382 1430 nera
403 1381 527 1440 atque
544 1392 691 1431 officia.
776 1373 779 1374 ⁷
978 1368 985 1376 ⁶

394 1468 561 1511 Novam
582 1480 705 1519 quam
732 1470 792 1510 sic
815 1470 1012 1520 patefecit
1034 1467 1297 1522 Chrysippus
1310 1471 1605 1521 disputationis
1625 1472 1736 1512 viam

280 1549 523 1600 priusquam
555 1549 866 1600 ingrediamur,
902 1549 1076 1590 alteram
1097 1549 1286 1599 ejusdem
1316 1550 1565 1590 sententiam
1588 1550 1739 1590 afferre

279 1628 405 1669 liceat
436 1637 560 1678 quam
592 1628 734 1668 statim
772 1631 867 1678 post
897 1638 947 1668 ea
979 1638 1084 1678 quae
1115 1638 1243 1679 supra
1283 1628 1585 1678 explicavimus
1625 1630 1739 1669 addit

280 1706 406 1758 Diog.
430 1705 482 1748 L.
506 1707 532 1747 l.
555 1707 585 1748 l.
620 1699 736 1748 εἶναι
767 1703 817 1749 δὲ
846 1701 956 1749 αὐτὸ
983 1708 1116 1749 τοῦτο
1146 1703 1217 1758 (τὸ
1249 1707 1324 1764 ζῆν
1350 1704 1465 1749 κατὰ
1492 1704 1569 1765 τὴν
1597 1704 1738 1750 αὑτοῦ

279 1784 357 1829 καὶ
384 1783 462 1844 τὴν
495 1786 583 1827 τῶν
607 1781 722 1826 ὅλων
749 1781 902 1842 φύσιν)
928 1781 1005 1844 τὴν
1034 1787 1116 1827 τοῦ
1146 1780 1411 1839 εὐδαίμονος
1441 1780 1598 1843 ἀρετὴν
1629 1783 1737 1829 ὅταν

279 1861 426 1907 πάντα
454 1860 705 1920 πράττηται
733 1860 847 1904 κατὰ
879 1861 956 1920 τὴν
992 1860 1252 1921 συμφωνίαν
1290 1866 1372 1905 τοῦ
1408 1859 1515 1920 παρ’
1547 1860 1734 1906 ἑκάστου

280 1926 495 1998 δοιίμονος
524 1939 639 2000 πρὸς
664 1939 741 2000 τὴν
769 1943 851 1984 τοῦ
882 1939 986 1984 ὅλου
1010 1941 1237 2000 διοικητοῦ
1266 1939 1488 2000 βούλησιν.
1539 1942 1618 1984 Hic
1645 1954 1735 1985 eam

278 2024 527 2076 particulam
549 2032 655 2073 quae
674 2022 776 2063 insit
793 2022 838 2063 in
860 2022 1041 2073 singulis
1059 2022 1255 2078 ,numinis
1278 2023 1406 2063 divini
1438 2026 1604 2064 auctam
1625 2024 1739 2064 vide-

280 2114 374 2146 mus
395 2103 461 2144 ad'
478 2103 657 2153 speciem
680 2102 908 2142 daemonis.
961 2099 1079 2155 Quod
1106 2104 1249 2142 'autem
1274 2102 1447 2142 daemon
1478 2105 1656 2144 vocatur
1684 2114 1738 2144 ex

280 2193 362 2224 usu
393 2181 647 2224 Graecorum
680 2189 761 2229 quo
800 2180 919 2220 deum
958 2183 999 2219 et
1029 2180 1267 2220 daemonem
1300 2180 1560 2230 distinguere
1600 2182 1739 2224 solent

280 2261 578 2301 convenienter
598 2259 658 2307 nt,
683 2261 731 2299 ut
748 2258 818 2307 qui
840 2268 862 2297 e
883 2258 1139 2298 sublimitate
1155 2258 1325 2297 coelesti
1348 2261 1391 2297 et
1409 2261 1608 2307 tanquam
1629 2270 1736 2309 puro

281 2337 513 2379 divinitatis
544 2337 700 2377 lumine
720 2337 984 2377 descendisse
1004 2337 1213 2386 cogitetur
1240 2336 1283 2376 in
1305 2336 1571 2377 affectionum
1591 2339 1734 2379 turba-

204 2422 206 2424 ’
280 2427 456 2466 rumque
484 2416 749 2455 terrestrium
780 2415 1132 2455 commixtionem.
1191 2412 1274 2467 Qui
1305 2415 1437 2464 igitur
1456 2415 1592 2465 legem
1614 2426 1735 2457 mun-

281 2496 430 2537 danam
458 2494 713 2545 imitabitur,
746 2494 789 2534 in
811 2503 860 2534 eo
880 2493 1031 2544 genius
1052 2492 1122 2544 qui
1142 2493 1257 2544 viget
1286 2493 1328 2534 in
1356 2496 1523 2544 pectore
1544 2495 1736 2537 concinet

282 2586 376 2618 cum
397 2575 612 2616 voluntate
632 2573 809 2615 rectoris
830 2573 1027 2623 supremi.
1073 2571 1140 2613 Ex
1162 2574 1420 2614 nostratibus
1442 2574 1545 2614 duos
1566 2575 1734 2615 invenio

281 2657 389 2698 banc
410 2652 634 2706 Chrysippi
657 2653 905 2695 sententiam
936 2652 1175 2702 respexisse
1196 2649 1624 2694 Schleiermacherum
1645 2654 1674 2694 l.
1699 2655 1730 2696 l.

283 2740 323 2780 d.
348 2732 405 2777 60
437 2735 507 2788 qui
533 2736 628 2785 apte
658 2734 869 2784 comparat
898 2741 1065 2773 normas
1090 2729 1354 2774 Fichtianas:
1402 2732 1736 2783 „conscientiam
