1893 3155
194 328 551 368 damentorum
602 334 707 375 quae
763 324 891 365 edidit
938 324 1222 365 doctrinae
1271 318 1646 373 Chrysippeae

192 400 585 459 (MDCCCXXIX)
609 404 878 444 enumeravit
891 406 933 443 et
963 403 1203 453 percensuit
1224 403 1312 443 rere
1334 401 1488 452 omnia,
1511 401 1646 451 ipsius

192 486 328 523 autem
355 465 510 522 'librum
539 484 675 522 totum
706 483 750 522 in
786 484 1013 533 categoriis
1034 493 1141 532 quae
1171 485 1378 522 vocantur
1406 481 1646 521 haerentem

191 571 312 602 veros
342 561 470 611 hujus
501 561 560 602 rei
592 561 730 602 sontes
762 562 978 612 aperuisse
1007 572 1142 612 neque
1171 571 1250 612 ego
1280 559 1574 601 affirmaverim
1606 561 1649 599 et

190 640 428 690 gravissimi
446 640 612 689 judices
633 641 891 681 exstiterunt
910 641 980 690 qui
1002 644 1220 691 negarent.
1263 636 1422 681 Contra
1445 635 1475 679 S
1488 638 1542 678 ch
1556 638 1646 677 lei-

191 718 480 760 ermacheri
514 718 666 759 librum
697 729 824 770 supra
853 719 1067 760 laudatum
1097 719 1133 759 si
1165 720 1208 760 in
1238 719 1367 769 hujus
1388 716 1647 768 quaestionis

190 800 406 837 auctorum
434 806 607 837 numero
635 807 814 846 posuero
836 801 961 838 erunt
984 799 1163 838 fortasse
1183 798 1254 846 qui
1276 797 1504 844 mirentur,
1538 795 1647 844 quod

191 877 341 927 quibus
371 877 443 917 ille
464 874 699 917 Stoicorum
730 878 914 918 rationes
945 879 1086 928 attigit
1113 887 1188 918 nec
1210 877 1341 917 multa
1362 876 1448 916 sint
1467 885 1544 915 nec
1566 874 1648 915 nisi

192 956 326 995 obiter
341 958 383 994 et
402 956 634 1005 generatim
652 957 875 1006 disputata.
911 954 991 997 Sed
1011 966 1089 1006 ego
1106 956 1236 996 sicubi
1259 955 1471 1005 ingenium
1494 953 1647 1003 agnovi

193 1044 293 1075 vere
323 1035 511 1075 divinum
534 1035 656 1085 quale
688 1035 769 1076 fuit
789 1036 831 1076 in
855 1036 926 1075 illo
949 1037 1042 1085 ejus
1065 1035 1232 1075 minima
1255 1043 1445 1084 quaeque
1465 1032 1645 1082 vestigia

192 1114 298 1154 tanti
320 1113 451 1164 racio,
482 1117 530 1154 ut
551 1124 665 1154 meae
686 1115 819 1155 omnis
852 1115 979 1164 hujus
1000 1124 1151 1164 operae
1174 1116 1216 1154 et
1236 1111 1535 1153 mediocritatis
1555 1120 1647 1160 pre-

193 1193 296 1233 tium
319 1192 507 1232 facturus
535 1202 628 1232 esse
656 1193 754 1233 mihi
774 1194 939 1241 videar,
975 1194 1010 1232 si
1041 1193 1242 1242 quaedam
1271 1192 1322 1230 ab
1351 1192 1423 1231 illo
1447 1190 1647 1230 divinitus

193 1272 409 1312 observata
434 1271 568 1312 denuo
598 1272 813 1313 referendo
834 1273 885 1312 ab
907 1272 1114 1312 oblivione
1136 1271 1364 1311 vindicaro.
1404 1267 1496 1311 Jam
1520 1279 1572 1309 ex
1593 1268 1647 1309 iis

193 1351 263 1400 qui
283 1352 429 1401 postea
448 1350 729 1401 philosophiae
749 1352 965 1391 historiam
992 1353 1244 1391 enarrarunt
1262 1348 1471 1390 Ritteri
1493 1351 1581 1389 tum
1603 1348 1647 1388 in

193 1429 434 1479 exponendo
455 1430 633 1470 eruditio
662 1433 749 1470 tum
771 1431 813 1469 in
840 1430 1066 1479 judicando
1091 1429 1307 1478 prudentia
1331 1429 1435 1468 meis
1455 1428 1648 1468 laudibus

194 1517 276 1547 non
302 1507 475 1557 indiget.
528 1506 812 1548 Nihilominus
835 1518 961 1558 quum
988 1508 1154 1557 singula
1184 1507 1290 1547 haud
1322 1516 1460 1556 pauca·
1482 1506 1649 1546 enucle-

195 1585 300 1624 anda
333 1587 517 1634 restant,
562 1587 649 1624 tum
681 1586 879 1626 universa
908 1589 1047 1625 sectae
1078 1586 1142 1625 vis
1183 1588 1225 1624 et
1255 1585 1439 1634 dignitas
1475 1584 1647 1623 multam

194 1663 327 1704 adhuc
356 1663 490 1704 lucem
513 1663 740 1714 desiderat,
773 1665 909 1714 utqui
939 1674 1026 1705 rem
1057 1666 1287 1705 retractare
1308 1672 1534 1713 omnesque
1555 1663 1649 1713 ejus

193 1744 332 1791 partes
362 1751 446 1781 uno
474 1742 516 1781 in
549 1745 771 1791 conspectu
801 1744 936 1783 denuo
975 1752 1205 1793 proponere
1240 1743 1344 1782 velit
1374 1751 1541 1792 operam
1573 1741 1649 1781 mi-

192 1822 301 1861 nime
322 1821 509 1862 inutilem
532 1824 805 1872 suscepturus
828 1833 920 1862 esse
941 1823 1144 1863 videatur.

867 2085 900 2128 ξ.
934 2081 974 2119 2.

309 2213 442 2255 Nobis
463 2217 599 2255 autem
632 2224 760 2256 unum
784 2215 997 2254 doctrinae
1027 2218 1151 2264 caput
1171 2216 1413 2265 singulatim
1434 2219 1651 2257 enarratu·

196 2293 254 2332 ris
283 2294 459 2343 primum
490 2294 904 2344 circumspiciendum
940 2304 1034 2332 esse
1055 2294 1241 2343 videtur,
1277 2303 1454 2343 quonam
1484 2295 1585 2334 illud
1607 2296 1651 2335 in

193 2371 284 2413 loco
305 2375 347 2412 et
367 2373 486 2423 quasi
507 2382 699 2414 connexu
721 2373 962 2423 disciplinae
981 2373 1164 2423 positum
1186 2373 1335 2425 suerit3
1358 2375 1554 2424 quoniam
1574 2374 1653 2415 hoc

195 2451 477 2502 philosophiae
507 2452 733 2503 proprium,
770 2455 817 2494 ut
837 2452 1005 2503 singula
1026 2462 1079 2493 ex
1101 2455 1188 2493 toto
1210 2452 1373 2494 demum
1396 2456 1511 2495 recte
1530 2453 1653 2494 intel-

195 2530 393 2579 ligantur.
447 2528 652 2571 Ducimur
672 2535 811 2572 autem
832 2542 976 2572 eorum
998 2542 1105 2581 quae
1126 2529 1256 2573 Stoici
1280 2532 1329 2570 de
1350 2532 1436 2571 vita
1465 2533 1507 2569 et
1527 2529 1654 2569 morl-

197 2609 272 2649 bus
293 2609 558 2659 disputarunt
588 2620 776 2660 campum
803 2611 1106 2661 perlustrantes
1133 2611 1176 2650 in
1198 2608 1655 2659 locumtgravissimum

199 2688 267 2735 qui
310 2688 387 2727 i'uit
427 2685 532 2743 περὶ
567 2685 734 2737 τέλους.
802 2688 994 2739 Namque
1032 2688 1374 2738 locupletioribus
1416 2684 1653 2728 Stoicorum
