1893 3155
207 2571 368 2613 nitatis.

705 242 1183 290 „um-m

215 364 397 407 virtutes
424 367 512 405 tam
531 367 681 415 argute
708 368 751 406 et
771 365 938 416 copiose
957 357 1239 406 deliniuntur?
1266 362 1446 415 Propter
1473 364 1674 405 eruditio-

216 452 312 485 nem
330 445 432 494 puta
451 445 495 484 et
513 443 778 484 traditionem
799 442 1011 485 doctrinae
1031 452 1155 494 quam
1177 443 1418 485 dialecticae
1447 453 1525 495 ope
1546 452 1671 494 quam

215 521 454 572 plenissime
493 523 741 564 instructam
772 526 829 563 et·
844 525 1103 564 exstructam
1143 526 1358 574 praestare
1389 523 1560 564 vellent.
1614 521 1672 566 Ut

214 604 353 643 autem
374 603 555 643 virtutes
576 603 637 643 sic
658 603 845 643 actiones
865 603 1085 643 dummodo
1106 613 1129 642 e
1149 603 1349 652 sapientis
1377 603 1554 642 consilio
1574 612 1668 653 pro-

213 682 455 724 ficiscantur
489 682 718 732 aequaliter
752 685 877 733 atque
906 683 1049 723 statim
1080 683 1130 723 ab
1165 682 1283 722 initio
1311 683 1521 732 perfectae
1548 686 1663 723 sunt.

211 756 583 815 Κατορθώματα,
621 761 682 801 sic
713 760 975 811 appellantur
1002 763 1116 802 recte
1145 760 1280 810 facta,
1321 769 1465 800 omnes
1495 760 1666 801 virtutis

101 844 103 846 ’
141 820 159 869 s
211 848 408 880 numeros
429 839 644 879 continent
664 842 711 880 ut
731 842 796 880 est
816 850 882 888 ap.
909 836 999 880 Cic.
1023 840 1052 879 l.
1077 840 1106 879 l.
1132 840 1168 892 ξ.
1193 838 1264 880 24.
1314 837 1361 879 In
1384 839 1564 888 singulis
1585 840 1664 888 igi-

212 918 285 958 tur
304 916 427 957 factis
454 917 573 958 adest
598 917 721 968 plena
747 918 923 959 rationis
953 921 996 959 et
1023 917 1254 959 voluntatis
1283 917 1484 968 perfectio
1516 920 1564 958 ut
1592 918 1664 968 qui

211 1004 341 1035 unum
372 998 487 1047 recte
515 995 663 1035 fecerit
693 998 832 1036 cetera
858 1005 1023 1046 quoque
1053 996 1190 1035 omnia
1220 998 1333 1035 recte
1360 996 1550 1036 facturus
1579 996 1661 1048 sit3

210 1074 406 1123 quoniam
437 1075 527 1114 sola
556 1077 770 1124 spectatur
800 1075 1011 1124 susceptio
1039 1075 1187 1123 prima.
1242 1072 1352 1126 Quid
1382 1075 1533 1114 mirum
1554 1076 1664 1123 quod

208 1151 347 1191 omnia
379 1155 492 1191 recte
532 1152 644 1192 facta
683 1152 912 1202 aequaliter
959 1155 1073 1192 recta
1114 1152 1325 1192 contraria
1365 1147 1662 1210 ἁμαρτήματα

208 1232 440 1281 aequaliter
466 1241 595 1281 prava
630 1232 863 1272 habentur?
910 1230 1101 1281 Denique
1140 1232 1248 1271 idem
1287 1231 1391 1272 illud
1431 1231 1661 1273 se‘cundum

207 1310 411 1351 rationem
440 1310 584 1352 vivere
613 1320 637 1351 e
666 1311 762 1351 boni
790 1310 958 1351 notione
988 1312 1218 1360 spectatum
1241 1310 1349 1360 quod
1369 1297 1590 1352 honestum
1611 1322 1661 1352 co

206 1389 298 1439 ipso
319 1389 455 1429 solum
485 1390 636 1429 bonum
662 1389 896 1438 judicatum
917 1392 996 1429 cst.
1045 1386 1240 1437 Idemque
1261 1389 1355 1428 finis
1376 1391 1425 1429 ut
1443 1390 1661 1430 varietatis

208 1468 334 1519 nihil,
378 1469 438 1508 sic
468 1478 521 1508 ne
551 1468 765 1508 crescendi
794 1461 959 1517 quidem
989 1468 1118 1508 ullam
1149 1467 1331 1507 admittit
1360 1470 1657 1509 accessionem.

209 1543 300 1588 Cic.
325 1546 354 1587 l.
379 1547 407 1587 l.
433 1549 470 1597 ξ.
494 1543 549 1586 45
571 1548 613 1586 et
633 1555 727 1596 squ.

320 1624 715 1668 Animadvertamus
747 1625 953 1678 ejusmodi
973 1624 1125 1676 placita
1153 1627 1234 1676 (juo
1262 1626 1447 1668 tendant.
1500 1623 1663 1680 Quippe

205 1705 314 1755 quod
336 1706 379 1745 in
400 1707 525 1745 rebus
546 1706 719 1756 agendis
733 1715 859 1755 quum
882 1706 1009 1745 situm
1031 1705 1086 1744 sit
1105 1706 1148 1745 in
1169 1706 1345 1745 rationis
1367 1708 1410 1745 et
1429 1705 1660 1746 voluntatis

206 1785 441 1823 constantia
463 1785 575 1823 dicas
606 1783 845 1824 universale
875 1784 1053 1822 actionis
1074 1787 1354 1833 momentum,
1389 1785 1429 1823 id
1461 1784 1594 1824 solum
1617 1788 1659 1824 et

205 1862 456 1919 gravissime
493 1862 694 1912 premitur
722 1864 848 1912 atque
884 1864 1083 1913 urgetur3
1122 1862 1393 1911 particularia
1430 1865 1655 1912 momenta,

205 1940 412 1990 varietas,
444 1941 663 1980 commotio
676 1969 687 1990 ‚
720 1949 971 1990 progressus
992 1949 1018 1978 a
1037 1940 1213 1979 rationis
1243 1939 1357 1980 illius
1378 1941 1598 1990 majestate
1618 1944 1661 1981 et

205 1998 451 2059 austeritate
486 2022 778 2070 removentur3
819 2022 868 2059 ut
900 2019 1086 2059 verearis
1114 2029 1167 2059 ne
1200 2019 1404 2059 rationem
1434 2029 1460 2058 a
1488 2019 1661 2069 reliquis

206 2098 412 2139 humanae
447 2100 623 2138 naturae
653 2097 874 2138 momentis
912 2100 1146 2148 separatam
1176 2097 1243 2137 vel
1271 2097 1380 2147 quod
1410 2097 1554 2139 dicunt
1593 2099 1663 2138 ab·
1708 2138 1711 2141 .

204 2179 406 2218 stractam
426 2177 637 2226 accepisse
657 2177 933 2226 reperiantur.
974 2173 1254 2224 Reperientur
1273 2178 1413 2215 autem
1434 2186 1515 2225 quo
1532 2177 1660 2217 altius

205 2251 357 2305 placita
380 2255 554 2296 moralia
573 2263 679 2304 quae
699 2264 754 2295 ex
773 2254 844 2294 illo
865 2254 1065 2304 principio
1090 2256 1185 2303 apta
1206 2253 1376 2294 suerunt
1396 2244 1659 2304 introspexe-

204 2334 352 2375 rimus.
412 2332 607 2373 Rationis
638 2333 895 2383 principatus
926 2342 1007 2381 quo
1047 2331 1235 2371 severius
1276 2333 1319 2370 et
1346 2331 1492 2371 durius
1533 2341 1660 2381 supra

206 2415 346 2468 cetera
375 2411 613 2461 extollitur,
651 2421 699 2451 eo
728 2412 866 2452 miuus
892 2411 1065 2451 idoneus
1096 2419 1189 2449 esse
1216 2409 1422 2459 reperitur
1448 2410 1500 2450 ad
1528 2410 1659 2451 vitam

207 2501 359 2552 novam
388 2501 443 2531 ex
472 2500 565 2531 sese
594 2490 846 2541 gignendam
876 2489 1141 2538 fructumque
1177 2488 1483 2538 producendum
1513 2488 1657 2529 huma-

322 2647 486 2691 Bonum
516 2647 620 2689 nihil
649 2656 743 2688 esse
779 2645 1219 2687 severe-contenditur
1258 2647 1401 2695 paeter
1438 2646 1660 2686 honestum

208 2728 252 2770 h.
275 2739 313 2770 e.
336 2728 595 2771 voluntatem
616 2736 709 2768 cum
740 2726 900 2768 ratione
920 2721 1258 2778 convenie‘n'tem3
1292 2727 1505 2775 praeterea
1526 2734 1662 2775 neque
