1893 3155
716 268 1194 313 *δι-.-

207 375 393 431 'morum
414 388 672 442 disciplinam
692 389 897 440 proticisci
918 389 1067 431 debere
1092 398 1329 430 censemus.
1385 385 1470 442 Qui
1489 389 1640 429 autem
1660 399 1686 429 a

231 464 406 510 Socrate
425 468 599 522 profecti
629 470 730 509 sunt
748 468 996 519 philosophi,
1029 469 1060 509 ii
1080 478 1224 509 omnes
1250 467 1424 509 nimium
1443 467 1686 509 tribuerunt

230 547 269 587 ei
297 548 469 588 virtutis
499 548 607 597 parti
637 557 719 597 qua
756 547 1034 598 intelligentia
1063 548 1154 588 sive
1181 547 1343 587 ratione
1374 547 1465 588 sive
1505 548 1684 589 scientia

229 630 408 667 constat.
469 624 563 680 Quo
605 608 674 666 de·
695 636 837 667 errore
874 636 958 666 non
988 626 1127 666 minus
1166 636 1267 666 vere
1300 636 1424 676 quam
1463 628 1683 678 ingeniose

228 708 395 747 nostras
422 703 723 748 Jean-Paulus
751 705 926 756 quodam
958 704 1050 746 loco
1080 705 1252 746 scribit:
1287 703 1455 757 „Nicht
1481 706 1547 748 die
1574 704 1682 750 Ver-

227 786 353 826 nunlt
382 786 438 839 (d.
460 787 502 826 h.
527 786 600 826 das
623 784 863 839 Gewissen)
892 784 1030 825 macht
1049 794 1129 825 uns
1150 787 1242 836 gut,
1277 785 1339 826 sie
1358 786 1416 826 ist
1436 785 1511 827 der
1529 795 1681 837 ausge-

229 865 414 906 streckte
443 865 640 907 ho‘lzerne
668 864 773 907 Arm
804 874 873 905 am
898 862 1041 915 Wege
1071 864 1144 905 der
1169 863 1374 917 Tugend3
1417 866 1517 907 aber
1544 866 1682 907 dieser

227 942 333 984 Arm
351 944 466 984 kann
487 954 567 985 uns
587 944 729 985 weder
747 944 969 994 hintragen
997 943 1104 983 noch
1127 943 1389 994 hinni-angen
1412 969 1462 976 —
1486 945 1552 985 die
1572 943 1680 987 Ver-

227 1024 354 1065 nuni't
372 1023 445 1064 hat
465 1024 531 1064 die
551 1022 904 1072 gesetzgebende‚
938 1022 1053 1062 nicht
1073 1022 1138 1062 die
1159 1020 1399 1063 ausiibende
1421 1022 1601 1064 Gewalt.
1625 1050 1681 1055 -—

226 1100 307 1143 Die
326 1100 451 1143 Rral't
470 1103 584 1143 diese
604 1099 800 1152 Beschle‚
836 1101 902 1141 die
922 1100 1028 1141 noch
1048 1101 1245 1151 grossere
1265 1101 1354 1141 sich
1375 1101 1511 1145 ‚ihnen
1541 1112 1597 1144 zu
1617 1113 1682 1145 er-

226 1181 384 1233 geben,
428 1181 486 1222 ist
514 1183 580 1223 ein
621 1182 796 1223 zweites
825 1178 1047 1222 Gewissen
1074 1181 1207 1221 neben
1237 1181 1329 1221 dem
1358 1184 1515 1222 ersten.
1547 1207 1606 1213 —
1624 1207 1682 1215 -

226 1258 363 1301 Wiire
384 1261 450 1300 die
470 1260 646 1310 Tugend
667 1259 804 1299 nichts
825 1259 886 1298 als
907 1256 1170 1308 Stoicismus,
1196 1269 1243 1299 so
1264 1261 1380 1300 wa're
1399 1260 1462 1300 sie
1481 1261 1548 1300 ein
1569 1258 1680 1301 Rind

227 1320 302 1381 der
320 1338 546 1390 Vernunlt,
571 1339 696 1380 deren
716 1336 1023 1389 Pflegetochter
1042 1339 1103 1380 sie
1123 1322 1346 1380 ho‘chstens
1366 1339 1448 1391 ist3
1473 1339 1547 1381 der
1567 1336 1680 1382 Stoi-

227 1419 384 1460 cismus
405 1419 521 1460 stellt
541 1419 607 1459 die
626 1417 802 1469 Tugend
824 1427 871 1458 so
892 1416 1092 1470 niitzlich‚
1127 1428 1174 1459 so
1194 1416 1440 1470 verniinitig
1460 1419 1549 1471 dar,
1580 1420 1679 1462 dass

229 1498 292 1539 sie
311 1498 451 1539 nichts
470 1499 619 1539 weiter
638 1499 696 1539 ist
725 1498 788 1538 als
817 1498 884 1538 ein
906 1495 1104 1551 Schluss3
1138 1508 1233 1539 man
1261 1498 1335 1539 hat
1363 1499 1429 1539 bei
1448 1499 1514 1540 ihr
1528 1499 1678 1540 -nichts

227 1587 284 1619 zu
304 1575 574 1619 iiberwinden
595 1577 657 1618 als
678 1575 961 1619 Irrthiimer.“

342 1656 422 1698 Hic
443 1667 567 1708 quam
597 1657 748 1698 rationi
787 1658 942 1698 sociam
974 1658 1172 1699 accedere
1201 1645 1393 1708 oportere
1422 1660 1566 1699 censet
1594 1659 1680 1699 vim

212 1737 419 1787 amandi,
453 1747 502 1778 ea
521 1737 708 1787 profecto
729 1739 772 1776 et
798 1737 1026 1777 voluntatis
1055 1738 1212 1777 veritas
1234 1740 1299 1777 est
1331 1738 1473 1786 (efficit
1498 1738 1610 1778 enim
1630 1740 1680 1778 ut

222 1825 311 1857 non
332 1825 439 1867 quae
468 1816 585 1856 nobis
613 1813 686 1856 Sed
707 1825 812 1865 quae
842 1815 993 1856 ceteris
1013 1816 1175 1866 prosint
1194 1818 1401 1869 petamus)
1429 1819 1471 1857 et
1501 1816 1591 1857 sola
1610 1826 1679 1858 ra-

227 1895 332 1936 tioni
355 1905 446 1936 eam
466 1896 551 1936 vim
572 1895 722 1936 addere
751 1904 875 1945 posse
894 1895 1062 1937 videtur
1090 1898 1138 1937 ut
1159 1896 1265 1946 quod
1292 1905 1419 1947 supra
1448 1896 1678 1947 postulavi-

228 1985 322 2017 mus
348 1976 570 2016 inmotum
591 1978 634 2016 et
663 1974 814 2016 flumen
844 1978 1046 2016 transeat.
1098 1975 1157 2017 At
1176 1976 1246 2016 illa
1275 1986 1300 2016 a
1322 1973 1463 2017 Stoico
1492 1976 1679 2027 sapiente

217 2065 351 2107 ,quam
382 2055 609 2107 longinque
639 2054 780 2095 abest!
816 2052 984 2097 Scilicet
1012 2065 1139 2105 quum
1168 2055 1254 2095 vita
1283 2055 1496 2096 hominum
1523 2058 1571 2096 ut
1590 2058 1679 2097 tum

201 2139 319 2177 “erat
339 2135 541 2176 dissoluta
562 2137 647 2184 est,
681 2137 769 2174 tum
791 2134 946 2183 singuli
979 2145 1002 2174 a
1025 2135 1322 2174 communitate
1352 2136 1490 2174 aversi
1521 2136 1570 2175 ad
1603 2145 1681 2176 sua

145 2206 147 2209 ’
228 2215 272 2253 et
290 2213 454 2263 privata
484 2221 529 2252 sc
550 2212 768 2262 recipiunt.
823 2209 970 2264 Qualis
998 2215 1137 2252 autem
1158 2213 1244 2252 vita
1270 2212 1368 2252 talis
1388 2222 1515 2262 quum
1543 2213 1680 2254 omnis

228 2293 442 2334 doctrinae
472 2294 562 2332 tum
591 2291 751 2331 ethicae
773 2291 853 2331 erit
872 2291 936 2331 vis
958 2294 999 2331 ct
1028 2291 1202 2331 indoles.
1256 2288 1336 2332 Cui
1358 2293 1464 2331 enim
1487 2292 1565 2332 hoc
1585 2302 1679 2342 pro-

227 2373 409 2424 positum
438 2372 492 2412 sit
524 2374 571 2411 ut
598 2371 708 2411 vitae
747 2370 970 2420 imaginem
997 2370 1203 2420 quandam
1234 2370 1440 2411 describat
1471 2381 1519 2411 ea
1550 2380 1678 2421 quum

228 2453 317 2495 vita
347 2453 510 2492 mortua
538 2453 604 2491 est
633 2452 719 2490 tum
744 2459 795 2489 ne
820 2449 909 2499 ipsa
933 2450 1099 2499 quidem
1128 2453 1277 2500 vegeta
1308 2453 1350 2490 et
1380 2450 1557 2490 secunda
1584 2460 1680 2491 csse

228 2532 395 2585 poterit.
450 2529 525 2572 His
546 2515 677 2581 igitur
697 2529 837 2570 causis
859 2528 1015 2569 factum
1035 2529 1201 2570 videtur
1221 2532 1268 2570 ut
1296 2530 1402 2571 ratio
1423 2530 1495 2570 illa
1517 2526 1680 2571 Stoico-

230 2622 324 2657 rum
344 2611 532 2663 quamvis
554 2610 635 2651 alte
665 2618 792 2660 supra
813 2611 951 2650 cetera
971 2609 1078 2649 elata
1109 2611 1151 2649 ct
1178 2609 1484 2660 paradoxorum
1502 2609 1678 2652 istorum

229 2704 306 2745 ope
335 2696 531 2743 tanquam
560 2690 603 2730 in
635 2699 730 2730 arce
757 2699 833 2730 sua
853 2689 1020 2729 munita
1044 2691 1086 2729 et
1106 2689 1313 2730 obvallata
1344 2690 1615 2731 nihilominus
1635 2691 1680 2732 in

229 2772 320 2815 suis
341 2771 470 2823 copiis
491 2781 573 2812 non
593 2770 799 2812 inveniret
828 2770 985 2810 semina
1005 2779 1028 2809 e
1049 2769 1199 2819 quibus
1227 2770 1362 2810 omnis
1382 2770 1587 2812 virtutum
1601 2776 1682 2813 ‘va—
