1893 3155
790 228 1028 280 ——ffl‘7
1101 259 1237 267 ..-,.

283 364 360 406 pro
378 355 646 406 gravissimis
665 355 710 395 in
730 356 808 396 hac
824 356 1102 406 disputatione
1122 355 1363 397 auctoribus
1384 350 1550 395 restant
1570 351 1746 403 scripto—

285 440 356 474 res
376 432 414 473 si
434 433 605 482 ingenia
626 434 791 482 spectes
811 434 861 473 ad
883 436 1046 474 tantum
1067 428 1301 484 opus'male
1321 432 1589 484 praeparati.-
1614 427 1745 473 Uber-

284 512 434 552 rimam
462 510 597 560 igitur
622 511 947 562 descriptionum
962 542 974 563 ,
1009 513 1304 563 formularum,
1337 514 1654 563 praeceptorum
1676 518 1745 551 co-

285 590 397 641 piam
418 590 589 632 tradunt
607 592 742 641 magis
764 600 888 641 quam
910 594 1148 643 exponunt,
1176 595 1419 634 contextum
1440 600 1541 633 vero
1558 589 1642 642 q'uo
1663 590 1744 631 alia

286 679 341 711 ex
360 670 480 719 aliis,
516 670 677 711 minora
697 680 721 711 e
742 672 986 722 majoribus,
1019 671 1187 722 singula
1207 678 1231 712 e
1250 674 1338 712 toto
1360 674 1455 722 apta
1477 672 1564 712 sint
1586 671 1745 712 trustra

286 750 561 800 quaesiveris.
612 748 837 791 Diversum
875 753 1091 802 praeterea
1118 752 1306 792 ordinem
1336 753 1593 801 sequuntur,
1627 755 1740 801 eum,

286 830 359 879 qui
389 829 552 871 ratione
579 829 719 880 aliqua
748 830 853 871 satis
883 830 1065 881 nitatur,
1099 833 1260 872 neuter.
1320 829 1534 872 Nonnulla
1564 829 1744 880 denique

285 908 367 949 huc
388 909 597 958 pertinent
616 919 669 949 ex
690 910 743 949 iis
764 907 1046 950 Plutarchi
1068 910 1251 960 scriptis,
1275 910 1426 959 quihus
1445 908 1485 951 is
1505 905 1743 950 Stoicorum

286 988 454 1028 decreta
493 988 740 1037 impugnare
779 990 956 1028 conatus
997 991 1078 1028 est.
1146 985 1227 1029 Cui
1267 988 1420 1028 accidit
1449 988 1558 1037 quod
1598 985 1744 1028 multis

287 1075 415 1116 quum
435 1066 515 1115 ipsi
537 1076 619 1106 non
641 1066 873 1116 philosophi
893 1069 1032 1106 tamen
1053 1066 1286 1116 philosophi
1306 1066 1489 1115 aliquam
1511 1064 1743 1105 doctrinam

285 1156 310 1186 e
331 1147 621 1187 communibus
642 1146 882 1187 notionibus
902 1146 1094 1187 refellere
1115 1148 1336 1197 conantur,
1359 1148 1409 1187 ut
1427 1144 1629 1195 quasdam
1649 1151 1744 1185 sen·

285 1224 438 1264 tentias
469 1234 522 1265 ex
550 1227 639 1265 toto
664 1225 999 1274 interpretandas
1030 1225 1273 1275 singulatim
1303 1224 1507 1274 arripiant
1532 1226 1575 1264 et
1604 1224 1648 1263 in
1677 1232 1745 1264 re-

286 1303 584 1352 prehensiones
615 1306 767 1343 vocent
796 1313 921 1353 saepe
949 1304 1192 1344 immeritas.
1243 1301 1445 1352 Reliquos
1475 1303 1513 1343 si
1542 1303 1614 1352 qui
1644 1306 1745 1343 sunt

286 1382 358 1432 qui
378 1382 515 1423 obiter
534 1382 780 1433 disciplinae
800 1379 967 1424 Stoicae
996 1385 1154 1433 partem
1187 1382 1370 1433 aliquam
1398 1382 1634 1433 attigerunt
1659 1389 1743 1422 non

284 1462 554 1512 percensebo.

399 1539 436 1581 E
458 1541 763 1582 recentioribus
793 1541 864 1582 diu
893 1544 1034 1582 sectae
1062 1539 1230 1582 Stoicae
1258 1541 1461 1582 studiosis
1488 1541 1603 1581 solae
1634 1548 1745 1581 com-

288 1620 475 1661 mendari
495 1622 724 1670 potuerunt
743 1617 783 1661 J.
808 1618 996 1670 Lipsii,
1020 1620 1101 1661 viri
1122 1620 1218 1661 olim
1242 1620 1480 1671 clarissimi,
1506 1619 1745 1671 ,‚manudu—

286 1700 394 1749 ctio,
427 1708 550 1749 quam
572 1700 810 1749 inscripsit,
842 1700 885 1738 in
917 1699 1217 1749 philosophiam
1241 1697 1516 1740 Stoicorum“
1538 1702 1582 1739 et
1603 1698 1743 1749 „phy-

286 1778 528 1827 siologia;“
555 1777 676 1817 hodie
706 1778 741 1817 si
773 1787 857 1818 non
878 1778 1057 1827 amplius
1079 1778 1183 1818 satis
1218 1778 1401 1827 faciunt,
1434 1778 1533 1827 quid
1564 1778 1745 1819 mirum?

285 1854 447 1909 Quippe
476 1858 565 1895 tum
594 1858 813 1896 auctorum
841 1856 1149 1896 distinctionem
1178 1864 1286 1905 quae
1315 1855 1579 1905 singulorum
1606 1856 1743 1906 digni-

284 1937 415 1975 tatem
446 1934 613 1975 cautius
642 1934 870 1984 perpendat
904 1937 994 1974 tum
1014 1934 1166 1985 judicii
1192 1935 1478 1985 integritatem
1507 1934 1575 1976 vel
1603 1935 1742 1976 studio

284 2013 353 2054 vel
393 2013 700 2064 contemptione
748 2013 905 2063 pariter
942 2013 1117 2054 liberam
1158 2023 1293 2063 neque
1340 2015 1479 2063 majus
1519 2015 1743 2065 quidquam

284 2100 407 2141 quam
429 2091 537 2141 quod
560 2093 766 2141 cujusque
786 2093 1000 2141 proprium
1020 2093 1078 2132 sit
1097 2092 1277 2142 simplici
1305 2093 1598 2133 aestimatione
1619 2102 1744 2143 quae-

283 2173 442 2210 rentem
472 2173 617 2209 nostra
646 2172 760 2208 aetas
781 2171 824 2208 in
857 2170 936 2208 hoc
956 2171 1203 2209 eruditionis
1223 2180 1378 2219 genere
1397 2172 1582 2220 postulat
1604 2183 1653 2211 ac
1675 2173 1744 2211 de-

283 2248 457 2290 siderat.
510 2245 682 2298 Lipsius
705 2249 900 2297 tanquam
933 2247 1177 2298 panegyrici
1199 2257 1372 2289 munere
1402 2252 1598 2300 suscepto
1618 2260 1744 2301 quam

283 2327 437 2376 unique
464 2326 639 2367 effundit
668 2326 983 2366 admirationem
1012 2328 1055 2365 et
1084 2326 1433 2375 praedicationem
1464 2336 1556 2367 eam
1585 2326 1744 2371 eStoi-

284 2414 428 2445 corum
456 2405 616 2465 ¹pietate
636 2406 789 2454 repetit
813 2414 945 2453 paene
974 2405 1010 2444 si
1032 2405 1093 2444 illi
1123 2405 1225 2444 fides
1248 2402 1504 2445 Christiana.
1558 2404 1742 2449 Omnino

283 2485 423 2525 autem
449 2482 521 2523 illa
541 2485 658 2523 aetas
688 2484 826 2532 majus
847 2482 1042 2532 quiddam
1074 2483 1375 2533 philosophiam
1403 2487 1595 2534 spectare
1614 2494 1742 2535 quam

284 2561 605 2614 admonitionem
626 2560 742 2601 illam
768 2561 812 2602 in
830 2570 913 2610 qua
933 2558 1097 2602 Seneca
1124 2571 1255 2611 paene
1286 2564 1401 2603 totus
1423 2566 1619 2605 versatur
1637 2572 1743 2607 non-

284 2643 383 2683 dum
411 2641 792 2691 comprehenderat.
844 2638 1022 2689 Reliqua
1041 2650 1149 2689 quae
1177 2618 1401 2691 antiquiori
1432 2644 1560 2683 aetati
1592 2642 1743 2685 dehen-

284 2723 356 2763 tur
385 2721 436 2762 de
472 2720 550 2762 hac
586 2729 631 2761 re
668 2718 823 2770 scripta
851 2715 1207 2763 Petersenius
1245 2720 1289 2761 in
1328 2720 1590 2772 praelatione
1627 2722 1742 2764 run-
