1893 3155
230 350 300 398 qui
322 349 519 397 antiquae
539 348 708 387 virtutis
740 355 944 386 memores
965 350 1007 386 et
1027 347 1230 387 adversus
1254 348 1427 388 fortuita
1448 348 1557 388 firmi
1576 349 1686 389 irru-

229 429 315 470 enti
345 427 538 479 pravitati
571 426 775 466 obsistere
806 426 1034 478 auderent3
1067 436 1200 476 neque
1238 426 1322 467 ulla
1350 426 1607 476 integritatis
1637 436 1686 476 ac

228 507 446 558 probitatis
466 515 549 545 vox
580 505 652 545 illo
674 505 842 546 saeculo
863 506 1042 555 exstitit,
1074 506 1172 555 quin
1195 506 1337 546 eadem
1357 502 1524 547 Stoicae
1545 507 1685 548 altitu·

228 587 336 627 dinis
357 586 535 636 speciem
558 585 763 634 quandam
786 586 828 624 et
849 584 1159 625 similitudinem
1184 584 1391 625 retulerit.
1445 582 1554 638 Quid
1576 585 1683 636 quod

228 666 351 705 etiam
372 665 482 704 inter
503 661 769 705 Christianae
789 664 1006 713 religionis
1028 664 1250 714 primordia
1282 664 1407 704 simul
1434 667 1560 714 atque
1580 665 1687 705 anti-

227 752 402 793 quarum
424 752 565 784 rerum
592 740 742 784 ¹ruinas
763 744 844 783 vim
875 752 992 783 suam
1022 745 1146 792 atque
1177 743 1469 783 auctoritatem
1500 744 1685 785 retinue-
1760 789 1762 791 ,

225 822 354 862 runt?
393 820 503 861 Nam
536 822 631 861 dum
663 822 704 861 in
734 823 856 871 pejus
881 824 971 871 jam
1000 822 1137 861 omnia
1176 825 1306 862 ruunt
1336 825 1378 862 et
1411 823 1683 872 plurimorum

227 901 388 942 animos
411 900 500 941 sive
522 900 753 951 desperatio
785 902 874 942 sive
905 901 1090 941 melioris
1121 900 1271 941 aetatis
1294 897 1461 942 futurae
1491 911 1585 953 spes
1615 912 1684 942 oc-

226 984 374 1031 cupat,
410 981 480 1020 diu
502 980 697 1030 fuerunt,
729 981 800 1030 qui
831 980 938 1020 hanc
960 983 1117 1021 sectam
1139 991 1213 1031 pro
1235 990 1319 1021 uno
1351 981 1552 1021 malorum
1576 981 1684 1021 sola-

227 1061 337 1100 mine
367 1059 732 1110 amplecterentur.
788 1057 944 1112 Quanti
975 1060 1107 1109 igitur
1129 1056 1294 1100 Stoicos
1325 1061 1515 1101 fecerunt
1535 1061 1683 1111 Augu-

228 1140 364 1179 stinus
395 1141 437 1178 et
475 1139 603 1178 ceteri
634 1136 805 1178 Patres!
861 1135 978 1190 Quos
1013 1148 1094 1177 non
1131 1138 1266 1178 solum
1299 1139 1503 1189 imprimis
1534 1139 1684 1188 dignos

227 1219 505 1267 censuerunt,
541 1226 645 1266 quos
666 1217 959 1267 impugnarent
981 1219 1023 1256 et
1044 1217 1285 1257 refellerent
1299 1247 1310 1267 ‚
1345 1218 1416 1257 sed
1440 1218 1563 1257 etiam
1584 1226 1683 1268 prae

226 1296 376 1337 ceteris
398 1305 520 1345 quam
542 1296 731 1345 proxime
752 1295 840 1336 fleri
864 1297 1006 1345 posset
1034 1295 1083 1335 ad
1106 1296 1352 1336 diviniorem
1372 1297 1591 1337 veritatem
1615 1306 1683 1336 ac-

227 1376 406 1415 cessisse
427 1375 609 1414 confessi
633 1378 756 1424 sunt;
789 1376 1058 1424 quamobrem
1076 1375 1171 1414 illos
1192 1375 1302 1414 inter
1322 1376 1518 1424 antiquae
1538 1376 1683 1415 huma-

228 1454 373 1494 nitatis
405 1463 532 1503 quum
563 1454 699 1494 altiori
730 1456 772 1493 et
801 1453 993 1494 diviniori
1025 1453 1189 1494 cederet
1228 1456 1560 1504 propugnatores
1600 1455 1682 1504 pri·

229 1542 341 1573 mum
364 1532 500 1572 locum
522 1534 708 1573 tenuisse
730 1542 811 1573 non
834 1533 1042 1573 immerito
1064 1533 1237 1573 dixeris.

345 1611 504 1653 Horum
527 1612 658 1663 igitur
678 1614 727 1653 ad
752 1613 988 1653 universam
1012 1613 1239 1653 doctrinam
1261 1612 1558 1653 enucleandam
1579 1623 1683 1654 non-

229 1692 324 1732 dum
357 1692 461 1732 satis
491 1692 624 1743 parati
660 1695 799 1732 tamen
832 1692 966 1733 locum
1002 1692 1182 1742 aliquem
1213 1692 1511 1742 gravissimum
1542 1694 1585 1732 et
1612 1692 1682 1742 qui

227 1772 352 1811 etiam
373 1772 415 1811 in
437 1773 573 1811 cetera
606 1771 742 1811 lucem
763 1771 989 1821 profundat
1012 1771 1303 1821 explicandum
1325 1772 1445 1811 nobis
1466 1772 1682 1821 proposui-

226 1859 334 1890 mus.
390 1848 528 1903 Quum
552 1850 662 1889 enim
684 1850 733 1888 (le
763 1853 983 1899 praecepto
1004 1850 1090 1898 illo,
1126 1850 1232 1899 quod
1256 1850 1337 1890 fuit
1358 1850 1408 1889 de
1429 1850 1522 1889 vita—
1536 1850 1587 1889 ad
1610 1860 1682 1889 na-

227 1931 367 1968 turam
388 1929 602 1977 dirigenda
623 1938 887 1978 quaeremus,
910 1928 950 1967 id
971 1929 1108 1977 ipsum
1129 1928 1422 1978 explicandum
1444 1929 1540 1978 erit,
1573 1928 1681 1978 quod

230 2016 358 2056 quum
380 2007 473 2056 ejus
494 2007 708 2046 doctrinae
728 2015 835 2055 quae
865 2009 930 2046 est
951 2007 1000 2046 de
1021 2006 1105 2046 vita
1128 2009 1170 2046 ct
1190 2007 1375 2046 moribus
1404 2009 1493 2047 tum
1514 2006 1683 2047 univer-

231 2095 303 2126 sae
324 2086 574 2135 principium
597 2089 639 2127 et
661 2086 974 2126 fundamentum
999 2086 1129 2126 fuisse
1150 2086 1371 2136 reperitur.
1414 2084 1550 2127 Nemo
1572 2087 1681 2127 enim

231 2165 352 2205 hodie
382 2167 469 2215 est,
504 2165 574 2215 qui
608 2168 734 2215 neget
761 2165 868 2215 quod
901 2165 1004 2205 satis
1036 2167 1223 2216 apertum
1247 2168 1335 2214 est,
1371 2165 1465 2206 dum
1497 2166 1683 2217 reliquae

230 2245 445 2284 doctrinae
475 2247 616 2294 partes
650 2244 870 2284 traduntur
898 2244 1032 2292 magis
1062 2253 1185 2292 quam
1216 2245 1450 2285 formantur
1476 2246 1683 2296 principa-

229 2323 309 2363 lem
331 2323 614 2372 quaestionem
639 2322 771 2362 fuisse
792 2321 841 2360 de
861 2330 960 2361 vera
980 2321 1150 2361 virtutis
1171 2324 1213 2361 et
1233 2322 1505 2363 humanitatis
1527 2324 1679 2373 specie.

229 2402 296 2442 Ab
316 2403 393 2441 hoc
414 2402 616 2450 principio
633 2400 843 2441 Zenonem
865 2409 990 2449 quum
1012 2409 1034 2439 a
1055 2401 1337 2450 superioribus
1359 2402 1571 2442 secederet
1589 2412 1683 2452 pro·

230 2482 387 2523 fectum
417 2490 511 2521 esse
541 2482 762 2530 putamus3
794 2478 902 2519 idem
925 2479 1057 2528 quoad
1088 2480 1253 2520 omnino
1283 2481 1376 2530 ejus
1405 2482 1519 2520 secta
1547 2481 1685 2537 yiguit

229 2569 356 2611 quum
381 2561 518 2599 cetera
546 2560 633 2608 jam
657 2558 811 2598 dudum
839 2557 969 2597 missa
990 2561 1132 2598 essent
1158 2561 1451 2598 conservatum
1480 2561 1522 2597 et
1542 2558 1684 2599 deren-

229 2649 323 2680 sum
354 2641 434 2679 est.
499 2635 619 2691 Quod
651 2638 686 2676 si
724 2637 804 2686 ipsi
843 2637 1050 2677 interdum
1089 2645 1214 2694 secus
1254 2637 1438 2686 profiteri
1471 2637 1679 2688 videntur,

228 2729 355 2769 quum
380 2719 429 2759 ad
452 2717 670 2768 physicam
692 2717 846 2766 primas
864 2715 1067 2766 referunt,
1105 2715 1240 2765 magis
1260 2716 1445 2766 profecto
1467 2717 1682 2757 externam
