1893 3155
684 251 1165 297 *52—

197 377 326 418 1·ietas
347 376 595 427 gigneretur
615 374 913 425 actionumque
942 374 1145 425 principia
1165 374 1217 415 ab
1242 374 1378 416 altera
1398 374 1526 416 animi
1547 377 1666 426 parte

195 466 279 507 qua
309 457 350 496 in
373 465 418 495 se
445 456 561 494 totus
582 462 815 494 conversus
845 453 969 494 homo
992 456 1058 495 est
1077 454 1268 504 accipere
1287 457 1525 505 cogeretur.
1580 452 1665 495 Ita-

194 546 274 585 que
304 535 473 575 redacta
507 537 573 573 est
601 533 653 573 ad
674 534 979 584 appetitionum
1009 535 1453 586 perturbationumque
1484 535 1666 586 castiga-

192 617 346 655 tionem
378 617 421 654 et
449 614 501 653 ad
541 623 669 676 praya
700 614 934 655 animorum
973 615 1179 655 elementa
1207 618 1406 666 perpetuo
1447 615 1589 655 labore
1622 617 1666 654 et

193 695 460 736 contentione
484 693 731 734 coercenda.
1123 678 1126 682 ⁴

306 772 529 815 Postremo
557 775 683 823 juvat
713 776 847 813 totum
879 773 1105 813 discrimen
1137 774 1188 814 ad
1218 760 1544 824 tempora'quae
1575 776 1665 814 tum

193 857 365 895 suerunt
385 854 670 905 philosophiae
701 854 876 894 referre.
921 848 1272 903 Philosophorum
1293 854 1404 893 enim
1426 854 1665 894 divinorum

191 932 384 975 Platonis
414 936 456 975 et
485 933 730 975 Aristotelis
763 933 926 973 meritis
958 934 1056 984 quid
1087 933 1313 984 profecerit
1342 932 1600 983 philosophia
1628 932 1666 973 si

191 1025 275 1055 uno
314 1015 441 1054 verbo
475 1014 693 1054 dicendum
737 1014 793 1053 sit
832 1014 910 1053 hoc
947 1015 1046 1064 jure
1075 1014 1190 1054 dicas
1221 1013 1331 1063 quod
1372 1012 1583 1053 invenerit
1622 1014 1666 1053 et

192 1095 439 1144 cognoverit
459 1094 593 1141 ideam
616 1094 657 1133 h.
684 1104 721 1132 e.
749 1097 939 1134 naturam
963 1097 1004 1133 et
1025 1095 1147 1134 tinem
1170 1094 1339 1143 generis
1361 1093 1549 1134 humani.
1598 1090 1662 1132 Ea

192 1173 326 1224 igitur
356 1174 541 1223 cognitio
573 1175 777 1223 quantum
807 1173 976 1213 omnino
1008 1174 1205 1223 antiquae
1244 1172 1372 1212 aetati
1415 1181 1660 1212 concessum

191 1254 272 1293 suit
293 1254 436 1293 adulta
457 1255 498 1292 et
528 1253 713 1302 perfecta
745 1252 822 1291 hoc
843 1253 1081 1301 proximum
1114 1252 1258 1291 hahuit
1278 1262 1360 1301 quo
1392 1254 1586 1301 pergeret
1615 1253 1664 1290 ut

191 1334 235 1374 in
275 1333 495 1374 veritatem
534 1334 737 1373 transiret
775 1332 865 1373 sive
905 1335 953 1373 ut
991 1331 1082 1373 idea
1122 1332 1294 1383 generis
1329 1341 1478 1382 reapse
1515 1341 1541 1371 a
1578 1331 1665 1372 sin-

193 1413 307 1463 gulis
350 1414 632 1453 sustineretur
671 1415 713 1452 et
750 1414 952 1462 tanquam
995 1413 1132 1462 specie
1173 1412 1492 1462 exprimeretur.
1552 1410 1665 1453 Rur-

195 1502 268 1532 sus
297 1492 557 1542 philosophia
586 1492 710 1541 idque
742 1492 822 1531 alio
857 1502 986 1532 sensu
1016 1494 1142 1540 atque
1173 1501 1255 1541 quo
1287 1491 1337 1531 de
1359 1488 1533 1532 Socrate
1562 1491 1663 1531 dici-

194 1574 265 1611 tur
304 1572 348 1611 in
393 1571 607 1611 hominum
647 1570 779 1610 vitam
824 1573 867 1609 et
911 1570 1257 1611 consuetudinem
1305 1569 1532 1610 descendit.
1604 1568 1663 1609 At

194 1660 291 1689 ecce
331 1650 482 1699 ingens
524 1649 660 1689 oritur
697 1649 918 1688 discordia.
974 1647 1090 1689 Duas
1131 1649 1241 1689 enim
1277 1651 1415 1689 sectas
1454 1648 1662 1689 exsistere

194 1729 309 1769 vides
348 1729 511 1780 pariter
552 1728 657 1769 illud
700 1738 853 1768 munus
896 1729 1175 1779 suscipientes
1218 1731 1263 1768 at
1304 1729 1417 1769 inter
1456 1738 1502 1768 se
1543 1737 1662 1778 pror-

195 1802 268 1849 sus
300 1809 528 1860 oppositas.
592 1806 759 1849 Pariter
789 1811 967 1858 utraque
1006 1808 1208 1860 sapientis
1249 1808 1474 1859 imaginem
1504 1808 1661 1849 descri-

192 1889 252 1928 hit
293 1888 618 1938 imitandumque
666 1889 895 1940 proponit3
930 1888 1084 1943 quippe
1122 1898 1171 1928 ea
1211 1888 1300 1939 ipsa
1343 1889 1382 1928 id
1422 1888 1663 1929 continetur

192 1969 299 2018 quod
330 1971 516 2018 tempora
538 1968 853 2017 desiderarunt,
886 1958 979 2007 idea
1000 1968 1168 2017 generis
1190 1968 1384 2008 habitans
1406 1969 1449 2009 in
1473 1978 1583 2020 uno3
1618 1971 1662 2008 at

191 2048 299 2086 duae
329 2047 535 2095 imagines
558 2049 812 2095 quantopere
842 2045 1058 2084 diversae!
1102 2044 1236 2095 Diripi
1267 2049 1437 2096 putares
1466 2050 1660 2087 naturam

193 2126 432 2165 humanam.
467 2122 639 2165 Scilicet
660 2125 853 2174 apparuit
873 2135 955 2164 non
979 2125 1199 2165 conciliata
1221 2126 1360 2175 prisca
1380 2127 1562 2176 pectoris
1585 2126 1660 2166 hu-

191 2205 300 2243 mani
323 2204 531 2244 discordia
552 2204 728 2243 duarum
750 2204 944 2254 partium,
977 2204 1155 2245 rationis
1177 2208 1219 2245 et
1240 2215 1419 2258 sensus3
1453 2215 1476 2245 e
1497 2205 1659 2245 ratione

189 2284 326 2334 alteri,
352 2284 474 2324 alteri
497 2295 519 2324 e
541 2294 669 2325 sensu
691 2287 884 2325 naturam
907 2287 1036 2325 totam
1058 2285 1412 2337 interpretantur3
1446 2286 1656 2336 apparuit-

187 2373 268 2412 que
290 2364 415 2403 simul
436 2364 488 2403 ad
520 2366 712 2404 naturam
742 2364 912 2413 generis
943 2364 1113 2405 humani
1144 2365 1448 2406 restituendam
1476 2365 1657 2416 philoso-

188 2444 362 2492 phorum
385 2444 615 2494 sapientiae
636 2454 746 2485 nova
767 2445 878 2485 v1tae
900 2445 1105 2485 fermenta
1126 2445 1323 2486 accedere
1345 2445 1510 2485 debere.

300 2521 589 2564 Nihilominus
612 2522 851 2566 Stoicorum
873 2524 1092 2575 disciplina
1114 2525 1158 2564 in
1179 2525 1436 2575 temporibus
1458 2533 1542 2565 non
1564 2524 1657 2564 dico
1701 2560 1707 2565 ,

185 2603 357 2652 perditis
390 2606 434 2643 at
465 2604 683 2644 ruentibus
716 2613 870 2646 munus
908 2604 1112 2645 sustinuit
1152 2614 1351 2655 magnum
1390 2606 1433 2644 et
1462 2604 1652 2654 dignum.

189 2680 406 2723 Meliorem
427 2685 605 2723 naturae
631 2686 792 2732 partem
813 2684 1144 2734 divinioremque
1175 2683 1343 2723 sortiter
1362 2683 1473 2723 tueri
1504 2682 1656 2723 conata

189 2763 276 2812 est3
310 2762 487 2813 rigidam
510 2765 552 2802 et
573 2761 719 2804 duram
741 2763 844 2804 vitia
864 2772 971 2814 quae
1000 2764 1373 2815 impugnarentur,
1407 2762 1592 2803 sterilem
1614 2764 1656 2803 et

1845 2560 1849 2564 .
1853 2554 1875 2570 :n‘

1863 1902 1893 2222 ’ἰῖἷῦὶίῖτῖδζιῖἓ·“ἶ,<ἶῖζ’ἱ“ἱ”«“4τθὲ.·.ἐι;μ«ῃ
1880 1861 1883 1863 ’
1870 1571 1893 1663 :‚:1.—*
1875 1502 1893 1545 a:
1889 1407 1893 1410 ,
1886 1372 1893 1379 «
1868 1319 1893 1348 „ts
1882 1283 1890 1292 u
1877 1255 1889 1259 v·
1888 1217 1893 1222 ..
