<?xml version="1.0" encoding="UTF-8"?>
<!DOCTYPE html PUBLIC "-//W3C//DTD XHTML 1.0 Transitional//EN"
    "http://www.w3.org/TR/xhtml1/DTD/xhtml1-transitional.dtd">
<html xmlns="http://www.w3.org/1999/xhtml" xml:lang="en" lang="en">
 <head>
  <title>
</title>
<meta http-equiv="Content-Type" content="text/html;charset=utf-8" />
  <meta name='ocr-system' content='tesseract 3.04.00' />
  <meta name='ocr-capabilities' content='ocr_page ocr_carea ocr_par ocr_line ocrx_word'/>
</head>
<body>
  <div class='ocr_page' id='page_1' title='image "./4630631_0068.png"; bbox 0 0 1893 3155; ppageno 0'>
   <div class='ocr_carea' id='block_1_1' title="bbox 680 241 1166 285">
    <p class='ocr_par' dir='ltr' id='par_1_1' title="bbox 680 241 1166 285">
     <span class='ocr_line' id='line_1_1' title="bbox 680 241 1166 285; baseline 0 -13"><span class='ocrx_word' id='word_1_1' title='bbox 680 241 1166 285; x_wconf 76' lang='lat'><strong>—58-.</strong></span> 
     </span>
    </p>
   </div>
   <div class='ocr_carea' id='block_1_2' title="bbox 1629 0 1893 677">
    <p class='ocr_par' dir='ltr' id='par_1_2' title="bbox 1629 0 1893 677">
     <span class='ocr_line' id='line_1_2' title="bbox 1629 0 1893 440; baseline 0 0"><span class='ocrx_word' id='word_1_2' title='bbox 1629 0 1893 440; x_wconf 95' lang='lat' dir='ltr'><strong>  </strong></span> 
     </span>
     <span class='ocr_line' id='line_1_3' title="bbox 1808 440 1893 677; baseline 0 2478"><span class='ocrx_word' id='word_1_3' title='bbox 1808 440 1893 677; x_wconf 95' lang='lat' dir='ltr'><strong> </strong></span> 
     </span>
    </p>
   </div>
   <div class='ocr_carea' id='block_1_3' title="bbox 178 362 1663 2807">
    <p class='ocr_par' dir='ltr' id='par_1_3' title="bbox 188 362 1663 1696">
     <span class='ocr_line' id='line_1_4' title="bbox 190 362 1659 414; baseline -0.002 -8"><span class='ocrx_word' id='word_1_4' title='bbox 190 364 331 406; x_wconf 91' lang='lat' dir='ltr'><strong>nimus</strong></span> <span class='ocrx_word' id='word_1_5' title='bbox 360 366 410 405; x_wconf 92' lang='lat' dir='ltr'><strong>ut</strong></span> <span class='ocrx_word' id='word_1_6' title='bbox 438 366 630 404; x_wconf 89' lang='lat' dir='ltr'><strong>naturam</strong></span> <span class='ocrx_word' id='word_1_7' title='bbox 661 362 782 412; x_wconf 91' lang='lat' dir='ltr'><strong>sequi</strong></span> <span class='ocrx_word' id='word_1_8' title='bbox 804 362 1104 414; x_wconf 81' lang='lat' dir='ltr'><strong>decernamus,</strong></span> <span class='ocrx_word' id='word_1_9' title='bbox 1138 362 1280 403; x_wconf 87' lang='lat' dir='ltr'><strong>eodem</strong></span> <span class='ocrx_word' id='word_1_10' title='bbox 1311 365 1523 403; x_wconf 87' lang='lat' dir='ltr'><strong>momento</strong></span> <span class='ocrx_word' id='word_1_11' title='bbox 1552 363 1659 414; x_wconf 81' lang='lat' dir='ltr'><strong>abji-</strong></span> 
     </span>
     <span class='ocr_line' id='line_1_5' title="bbox 191 441 1658 495; baseline -0.001 -9"><span class='ocrx_word' id='word_1_12' title='bbox 191 456 286 487; x_wconf 82' lang='lat' dir='ltr'>cere</span> <span class='ocrx_word' id='word_1_13' title='bbox 308 445 508 495; x_wconf 87' lang='lat' dir='ltr'><strong>alterum,</strong></span> <span class='ocrx_word' id='word_1_14' title='bbox 544 443 662 493; x_wconf 91' lang='lat' dir='ltr'><strong>sequi</strong></span> <span class='ocrx_word' id='word_1_15' title='bbox 690 443 861 484; x_wconf 88' lang='lat' dir='ltr'><strong>tradita.</strong></span> <span class='ocrx_word' id='word_1_16' title='bbox 913 441 980 484; x_wconf 88' lang='lat' dir='ltr'><strong>Ac</strong></span> <span class='ocrx_word' id='word_1_17' title='bbox 1009 444 1199 494; x_wconf 82' lang='lat' dir='ltr'><strong>profecto</strong></span> <span class='ocrx_word' id='word_1_18' title='bbox 1220 453 1345 494; x_wconf 90' lang='lat' dir='ltr'><strong>quam</strong></span> <span class='ocrx_word' id='word_1_19' title='bbox 1375 453 1501 484; x_wconf 89' lang='lat' dir='ltr'><strong>unam</strong></span> <span class='ocrx_word' id='word_1_20' title='bbox 1534 444 1586 484; x_wconf 89' lang='lat' dir='ltr'><strong>ab</strong></span> <span class='ocrx_word' id='word_1_21' title='bbox 1609 453 1658 483; x_wconf 85' lang='lat' dir='ltr'><strong>eo</strong></span> 
     </span>
     <span class='ocr_line' id='line_1_6' title="bbox 190 524 1659 576; baseline -0.001 -9"><span class='ocrx_word' id='word_1_22' title='bbox 190 528 377 576; x_wconf 84' lang='lat' dir='ltr'><strong>tempore</strong></span> <span class='ocrx_word' id='word_1_23' title='bbox 400 525 518 576; x_wconf 86' lang='lat' dir='ltr'><strong>sequi</strong></span> <span class='ocrx_word' id='word_1_24' title='bbox 554 525 782 567; x_wconf 81' lang='lat' dir='ltr'><strong>statuimus</strong></span> <span class='ocrx_word' id='word_1_25' title='bbox 813 527 1006 567; x_wconf 92' lang='lat' dir='ltr'><strong>naturam</strong></span> <span class='ocrx_word' id='word_1_26' title='bbox 1030 524 1081 566; x_wconf 87' lang='lat' dir='ltr'><strong>ad</strong></span> <span class='ocrx_word' id='word_1_27' title='bbox 1102 534 1195 566; x_wconf 86' lang='lat' dir='ltr'><strong>eam</strong></span> <span class='ocrx_word' id='word_1_28' title='bbox 1214 533 1492 576; x_wconf 78' lang='lat' dir='ltr'><strong>provocamus</strong></span> <span class='ocrx_word' id='word_1_29' title='bbox 1512 534 1537 566; x_wconf 94' lang='lat' dir='ltr'><strong>a</strong></span> <span class='ocrx_word' id='word_1_30' title='bbox 1558 533 1659 576; x_wconf 91' lang='lat' dir='ltr'><strong>qua-</strong></span> 
     </span>
     <span class='ocr_line' id='line_1_7' title="bbox 190 603 1660 655; baseline -0.003 -9"><span class='ocrx_word' id='word_1_31' title='bbox 190 605 350 646; x_wconf 90' lang='lat' dir='ltr'><strong>rumvis</strong></span> <span class='ocrx_word' id='word_1_32' title='bbox 387 606 636 646; x_wconf 86' lang='lat' dir='ltr'><strong>traditarum</strong></span> <span class='ocrx_word' id='word_1_33' title='bbox 674 606 991 646; x_wconf 80' lang='lat' dir='ltr'><strong>institutionum</strong></span> <span class='ocrx_word' id='word_1_34' title='bbox 1025 605 1373 655; x_wconf 78' lang='lat' dir='ltr'><strong>auctoritatibus3</strong></span> <span class='ocrx_word' id='word_1_35' title='bbox 1416 612 1501 643; x_wconf 89' lang='lat' dir='ltr'><strong>non</strong></span> <span class='ocrx_word' id='word_1_36' title='bbox 1540 603 1660 653; x_wconf 81' lang='lat' dir='ltr'><strong>quasi</strong></span> 
     </span>
     <span class='ocr_line' id='line_1_8' title="bbox 189 683 1660 735; baseline -0.001 -12"><span class='ocrx_word' id='word_1_37' title='bbox 189 685 265 724; x_wconf 91' lang='lat' dir='ltr'><strong>has</strong></span> <span class='ocrx_word' id='word_1_38' title='bbox 297 685 470 734; x_wconf 81' lang='lat' dir='ltr'><strong>proinde</strong></span> <span class='ocrx_word' id='word_1_39' title='bbox 509 686 761 725; x_wconf 87' lang='lat' dir='ltr'><strong>evertendas</strong></span> <span class='ocrx_word' id='word_1_40' title='bbox 789 689 987 735; x_wconf 89' lang='lat' dir='ltr'><strong>putemus</strong></span> <span class='ocrx_word' id='word_1_41' title='bbox 1027 686 1101 725; x_wconf 84' lang='lat' dir='ltr'><strong>sed</strong></span> <span class='ocrx_word' id='word_1_42' title='bbox 1141 694 1309 724; x_wconf 89' lang='lat' dir='ltr'><strong>caecam</strong></span> <span class='ocrx_word' id='word_1_43' title='bbox 1350 683 1660 723; x_wconf 79' lang='lat' dir='ltr'><strong>observantiam</strong></span> 
     </span>
     <span class='ocr_line' id='line_1_9' title="bbox 189 763 1662 814; baseline -0.001 -10"><span class='ocrx_word' id='word_1_44' title='bbox 189 764 457 814; x_wconf 89' lang='lat' dir='ltr'><strong>repudiantes</strong></span> <span class='ocrx_word' id='word_1_45' title='bbox 480 774 614 814; x_wconf 89' lang='lat' dir='ltr'><strong>neque</strong></span> <span class='ocrx_word' id='word_1_46' title='bbox 634 764 676 805; x_wconf 92' lang='lat' dir='ltr'><strong>in</strong></span> <span class='ocrx_word' id='word_1_47' title='bbox 701 764 890 806; x_wconf 79' lang='lat' dir='ltr'><strong>futurum</strong></span> <span class='ocrx_word' id='word_1_48' title='bbox 912 765 949 805; x_wconf 92' lang='lat' dir='ltr'><strong>si</strong></span> <span class='ocrx_word' id='word_1_49' title='bbox 970 773 1075 814; x_wconf 88' lang='lat' dir='ltr'><strong>quas</strong></span> <span class='ocrx_word' id='word_1_50' title='bbox 1096 773 1151 805; x_wconf 85' lang='lat' dir='ltr'><strong>ex</strong></span> <span class='ocrx_word' id='word_1_51' title='bbox 1171 763 1257 804; x_wconf 90' lang='lat' dir='ltr'><strong>illis</strong></span> <span class='ocrx_word' id='word_1_52' title='bbox 1278 763 1415 804; x_wconf 91' lang='lat' dir='ltr'><strong>colere</strong></span> <span class='ocrx_word' id='word_1_53' title='bbox 1436 771 1662 813; x_wconf 87' lang='lat' dir='ltr'><strong>pergamus</strong></span> 
     </span>
     <span class='ocr_line' id='line_1_10' title="bbox 189 842 1663 902; baseline -0.001 -19"><span class='ocrx_word' id='word_1_54' title='bbox 189 846 359 902; x_wconf 86' lang='lat' dir='ltr'><strong>propter</strong></span> <span class='ocrx_word' id='word_1_55' title='bbox 378 843 419 883; x_wconf 89' lang='lat' dir='ltr'><strong>id</strong></span> <span class='ocrx_word' id='word_1_56' title='bbox 449 844 588 894; x_wconf 91' lang='lat' dir='ltr'><strong>ipsum</strong></span> <span class='ocrx_word' id='word_1_57' title='bbox 609 844 717 894; x_wconf 89' lang='lat' dir='ltr'><strong>quod</strong></span> <span class='ocrx_word' id='word_1_58' title='bbox 748 844 926 884; x_wconf 72' lang='lat' dir='ltr'><strong>tradItae</strong></span> <span class='ocrx_word' id='word_1_59' title='bbox 956 844 1043 884; x_wconf 91' lang='lat' dir='ltr'><strong>sint</strong></span> <span class='ocrx_word' id='word_1_60' title='bbox 1071 842 1145 883; x_wconf 89' lang='lat' dir='ltr'><strong>sed</strong></span> <span class='ocrx_word' id='word_1_61' title='bbox 1167 842 1275 892; x_wconf 85' lang='lat' dir='ltr'><strong>quod</strong></span> <span class='ocrx_word' id='word_1_62' title='bbox 1309 845 1487 882; x_wconf 88' lang='lat' dir='ltr'><strong>naturae</strong></span> <span class='ocrx_word' id='word_1_63' title='bbox 1508 851 1663 882; x_wconf 87' lang='lat' dir='ltr'><strong>conve-</strong></span> 
     </span>
     <span class='ocr_line' id='line_1_11' title="bbox 188 902 1661 972; baseline -0.001 -9"><span class='ocrx_word' id='word_1_64' title='bbox 188 924 308 963; x_wconf 90' lang='lat' dir='ltr'><strong>niant</strong></span> <span class='ocrx_word' id='word_1_65' title='bbox 328 924 500 964; x_wconf 89' lang='lat' dir='ltr'><strong>culturi.</strong></span> <span class='ocrx_word' id='word_1_66' title='bbox 555 921 729 965; x_wconf 84' lang='lat' dir='ltr'><strong>Scilicet</strong></span> <span class='ocrx_word' id='word_1_67' title='bbox 759 902 1156 969; x_wconf 86' lang='lat' dir='ltr'><strong>abauctoritatibus</strong></span> <span class='ocrx_word' id='word_1_68' title='bbox 1179 923 1240 963; x_wconf 90' lang='lat' dir='ltr'><strong>sic</strong></span> <span class='ocrx_word' id='word_1_69' title='bbox 1263 922 1348 972; x_wconf 87' lang='lat' dir='ltr'><strong>apti</strong></span> <span class='ocrx_word' id='word_1_70' title='bbox 1371 931 1519 962; x_wconf 90' lang='lat' dir='ltr'><strong>sumus</strong></span> <span class='ocrx_word' id='word_1_71' title='bbox 1540 924 1590 962; x_wconf 92' lang='lat' dir='ltr'><strong>ut</strong></span> <span class='ocrx_word' id='word_1_72' title='bbox 1607 931 1661 962; x_wconf 90' lang='lat' dir='ltr'><strong>ne</strong></span> 
     </span>
     <span class='ocr_line' id='line_1_12' title="bbox 189 1001 1662 1055; baseline -0.001 -11"><span class='ocrx_word' id='word_1_73' title='bbox 189 1007 441 1053; x_wconf 85' lang='lat' dir='ltr'><strong>quaerentes</strong></span> <span class='ocrx_word' id='word_1_74' title='bbox 472 1005 638 1055; x_wconf 91' lang='lat' dir='ltr'><strong>quidem</strong></span> <span class='ocrx_word' id='word_1_75' title='bbox 677 1014 753 1045; x_wconf 90' lang='lat' dir='ltr'><strong>cur</strong></span> <span class='ocrx_word' id='word_1_76' title='bbox 790 1004 984 1055; x_wconf 62' lang='lat' dir='ltr'><strong>quidquev</strong></span> <span class='ocrx_word' id='word_1_77' title='bbox 1012 1013 1188 1054; x_wconf 81' lang='lat' dir='ltr'><strong>agamus</strong></span> <span class='ocrx_word' id='word_1_78' title='bbox 1223 1011 1475 1054; x_wconf 79' lang='lat' dir='ltr'><strong>sequamur3</strong></span> <span class='ocrx_word' id='word_1_79' title='bbox 1517 1001 1662 1042; x_wconf 87' lang='lat' dir='ltr'><strong>valent</strong></span> 
     </span>
     <span class='ocr_line' id='line_1_13' title="bbox 191 1082 1658 1134; baseline -0.001 -11"><span class='ocrx_word' id='word_1_80' title='bbox 191 1084 301 1123; x_wconf 90' lang='lat' dir='ltr'><strong>enim</strong></span> <span class='ocrx_word' id='word_1_81' title='bbox 320 1084 365 1124; x_wconf 90' lang='lat' dir='ltr'><strong>in</strong></span> <span class='ocrx_word' id='word_1_82' title='bbox 387 1084 539 1125; x_wconf 90' lang='lat' dir='ltr'><strong>animis</strong></span> <span class='ocrx_word' id='word_1_83' title='bbox 573 1085 817 1125; x_wconf 81' lang='lat' dir='ltr'><strong>addubitare</strong></span> <span class='ocrx_word' id='word_1_84' title='bbox 847 1094 991 1125; x_wconf 90' lang='lat' dir='ltr'><strong>earum</strong></span> <span class='ocrx_word' id='word_1_85' title='bbox 1022 1084 1243 1123; x_wconf 89' lang='lat' dir='ltr'><strong>veritatem</strong></span> <span class='ocrx_word' id='word_1_86' title='bbox 1275 1091 1490 1131; x_wconf 89' lang='lat' dir='ltr'><strong>nunquam</strong></span> <span class='ocrx_word' id='word_1_87' title='bbox 1517 1082 1658 1134; x_wconf 76' lang='lat' dir='ltr'><strong>ausis3</strong></span> 
     </span>
     <span class='ocr_line' id='line_1_14' title="bbox 190 1161 1659 1215; baseline -0.001 -12"><span class='ocrx_word' id='word_1_88' title='bbox 190 1166 385 1203; x_wconf 90' lang='lat' dir='ltr'><strong>naturam</strong></span> <span class='ocrx_word' id='word_1_89' title='bbox 407 1173 534 1213; x_wconf 90' lang='lat' dir='ltr'><strong>quum</strong></span> <span class='ocrx_word' id='word_1_90' title='bbox 557 1164 814 1215; x_wconf 81' lang='lat' dir='ltr'><strong>appellamus</strong></span> <span class='ocrx_word' id='word_1_91' title='bbox 837 1164 940 1204; x_wconf 91' lang='lat' dir='ltr'><strong>nihil</strong></span> <span class='ocrx_word' id='word_1_92' title='bbox 962 1163 1170 1213; x_wconf 91' lang='lat' dir='ltr'><strong>agendum</strong></span> <span class='ocrx_word' id='word_1_93' title='bbox 1193 1171 1288 1202; x_wconf 91' lang='lat' dir='ltr'><strong>esse</strong></span> <span class='ocrx_word' id='word_1_94' title='bbox 1303 1170 1529 1202; x_wconf 75' lang='lat' dir='ltr'><strong>censemus</strong></span> <span class='ocrx_word' id='word_1_95' title='bbox 1550 1161 1659 1211; x_wconf 87' lang='lat' dir='ltr'><strong>quod</strong></span> 
     </span>
     <span class='ocr_line' id='line_1_15' title="bbox 189 1240 1660 1292; baseline -0.001 -10"><span class='ocrx_word' id='word_1_96' title='bbox 189 1252 271 1282; x_wconf 92' lang='lat' dir='ltr'><strong>non</strong></span> <span class='ocrx_word' id='word_1_97' title='bbox 295 1252 318 1281; x_wconf 90' lang='lat' dir='ltr'><strong>e</strong></span> <span class='ocrx_word' id='word_1_98' title='bbox 339 1243 517 1283; x_wconf 88' lang='lat' dir='ltr'><strong>scientia</strong></span> <span class='ocrx_word' id='word_1_99' title='bbox 538 1244 631 1292; x_wconf 89' lang='lat' dir='ltr'><strong>ejus</strong></span> <span class='ocrx_word' id='word_1_100' title='bbox 653 1243 704 1282; x_wconf 88' lang='lat' dir='ltr'><strong>ad</strong></span> <span class='ocrx_word' id='word_1_101' title='bbox 726 1242 835 1291; x_wconf 81' lang='lat' dir='ltr'><strong>quod</strong></span> <span class='ocrx_word' id='word_1_102' title='bbox 857 1241 1054 1281; x_wconf 90' lang='lat' dir='ltr'><strong>destinati</strong></span> <span class='ocrx_word' id='word_1_103' title='bbox 1076 1250 1224 1281; x_wconf 90' lang='lat' dir='ltr'><strong>sumus</strong></span> <span class='ocrx_word' id='word_1_104' title='bbox 1245 1241 1286 1280; x_wconf 92' lang='lat' dir='ltr'><strong>h.</strong></span> <span class='ocrx_word' id='word_1_105' title='bbox 1309 1251 1346 1280; x_wconf 89' lang='lat' dir='ltr'><strong>e.</strong></span> <span class='ocrx_word' id='word_1_106' title='bbox 1373 1241 1478 1281; x_wconf 86' lang='lat' dir='ltr'><strong>recti</strong></span> <span class='ocrx_word' id='word_1_107' title='bbox 1500 1250 1550 1280; x_wconf 85' lang='lat' dir='ltr'><strong>ac</strong></span> <span class='ocrx_word' id='word_1_108' title='bbox 1568 1240 1660 1280; x_wconf 88' lang='lat' dir='ltr'><strong>veri</strong></span> 
     </span>
     <span class='ocr_line' id='line_1_16' title="bbox 189 1319 1660 1371; baseline -0.001 -9"><span class='ocrx_word' id='word_1_109' title='bbox 189 1323 495 1371; x_wconf 79' lang='lat' dir='ltr'><strong>proficiscatur.</strong></span> <span class='ocrx_word' id='word_1_110' title='bbox 549 1319 760 1362; x_wconf 86' lang='lat' dir='ltr'><strong>Scientem</strong></span> <span class='ocrx_word' id='word_1_111' title='bbox 784 1332 859 1362; x_wconf 90' lang='lat' dir='ltr'><strong>cur</strong></span> <span class='ocrx_word' id='word_1_112' title='bbox 881 1331 1071 1371; x_wconf 89' lang='lat' dir='ltr'><strong>quaeque</strong></span> <span class='ocrx_word' id='word_1_113' title='bbox 1091 1322 1181 1361; x_wconf 83' lang='lat' dir='ltr'><strong>lieri</strong></span> <span class='ocrx_word' id='word_1_114' title='bbox 1204 1322 1380 1361; x_wconf 90' lang='lat' dir='ltr'><strong>debeant</strong></span> <span class='ocrx_word' id='word_1_115' title='bbox 1400 1321 1479 1360; x_wconf 93' lang='lat' dir='ltr'><strong>hoc</strong></span> <span class='ocrx_word' id='word_1_116' title='bbox 1501 1323 1567 1360; x_wconf 92' lang='lat' dir='ltr'><strong>est</strong></span> <span class='ocrx_word' id='word_1_117' title='bbox 1587 1330 1660 1360; x_wconf 92' lang='lat' dir='ltr'><strong>na-</strong></span> 
     </span>
     <span class='ocr_line' id='line_1_17' title="bbox 189 1399 1661 1452; baseline -0.001 -11"><span class='ocrx_word' id='word_1_118' title='bbox 189 1403 311 1441; x_wconf 86' lang='lat' dir='ltr'><strong>turae</strong></span> <span class='ocrx_word' id='word_1_119' title='bbox 332 1402 631 1442; x_wconf 88' lang='lat' dir='ltr'><strong>convenienter</strong></span> <span class='ocrx_word' id='word_1_120' title='bbox 651 1402 819 1452; x_wconf 86' lang='lat' dir='ltr'><strong>vivere;</strong></span> <span class='ocrx_word' id='word_1_121' title='bbox 853 1401 1050 1451; x_wconf 89' lang='lat' dir='ltr'><strong>quoniam</strong></span> <span class='ocrx_word' id='word_1_122' title='bbox 1071 1403 1222 1441; x_wconf 91' lang='lat' dir='ltr'><strong>natura</strong></span> <span class='ocrx_word' id='word_1_123' title='bbox 1242 1400 1283 1441; x_wconf 91' lang='lat' dir='ltr'><strong>h.</strong></span> <span class='ocrx_word' id='word_1_124' title='bbox 1306 1411 1343 1440; x_wconf 90' lang='lat' dir='ltr'><strong>e.</strong></span> <span class='ocrx_word' id='word_1_125' title='bbox 1366 1401 1458 1441; x_wconf 88' lang='lat' dir='ltr'><strong>idea</strong></span> <span class='ocrx_word' id='word_1_126' title='bbox 1478 1399 1661 1440; x_wconf 87' lang='lat' dir='ltr'><strong>hominis</strong></span> 
     </span>
     <span class='ocr_line' id='line_1_18' title="bbox 190 1480 1660 1531; baseline -0.001 -10"><span class='ocrx_word' id='word_1_127' title='bbox 190 1482 286 1531; x_wconf 91' lang='lat' dir='ltr'><strong>quid</strong></span> <span class='ocrx_word' id='word_1_128' title='bbox 308 1481 493 1531; x_wconf 85' lang='lat' dir='ltr'><strong>postulet</strong></span> <span class='ocrx_word' id='word_1_129' title='bbox 523 1491 606 1521; x_wconf 91' lang='lat' dir='ltr'><strong>non</strong></span> <span class='ocrx_word' id='word_1_130' title='bbox 628 1480 1017 1531; x_wconf 85' lang='lat' dir='ltr'><strong>comprehendimus</strong></span> <span class='ocrx_word' id='word_1_131' title='bbox 1051 1481 1134 1521; x_wconf 90' lang='lat' dir='ltr'><strong>nisi</strong></span> <span class='ocrx_word' id='word_1_132' title='bbox 1168 1480 1369 1531; x_wconf 80' lang='lat' dir='ltr'><strong>scientia3</strong></span> <span class='ocrx_word' id='word_1_133' title='bbox 1405 1490 1482 1520; x_wconf 88' lang='lat' dir='ltr'><strong>nec</strong></span> <span class='ocrx_word' id='word_1_134' title='bbox 1502 1482 1660 1520; x_wconf 88' lang='lat' dir='ltr'><strong>temere</strong></span> 
     </span>
     <span class='ocr_line' id='line_1_19' title="bbox 191 1557 1653 1610; baseline -0.001 -9"><span class='ocrx_word' id='word_1_135' title='bbox 191 1557 457 1610; x_wconf 84' lang='lat' dir='ltr'><strong>Chrysippus</strong></span> <span class='ocrx_word' id='word_1_136' title='bbox 478 1561 521 1600; x_wconf 94' lang='lat' dir='ltr'><strong>in</strong></span> <span class='ocrx_word' id='word_1_137' title='bbox 541 1561 927 1610; x_wconf 84' lang='lat' dir='ltr'><strong>interpretationem</strong></span> <span class='ocrx_word' id='word_1_138' title='bbox 957 1570 1074 1600; x_wconf 91' lang='lat' dir='ltr'><strong>suam</strong></span> <span class='ocrx_word' id='word_1_139' title='bbox 1102 1561 1334 1601; x_wconf 89' lang='lat' dir='ltr'><strong>inseruisse</strong></span> <span class='ocrx_word' id='word_1_140' title='bbox 1362 1560 1531 1600; x_wconf 87' lang='lat' dir='ltr'><strong>videtur</strong></span> <span class='ocrx_word' id='word_1_141' title='bbox 1550 1559 1653 1599; x_wconf 89' lang='lat' dir='ltr'><strong>illud</strong></span> 
     </span>
     <span class='ocr_line' id='line_1_20' title="bbox 189 1633 560 1696; baseline 0.003 -16"><span class='ocrx_word' id='word_1_142' title='bbox 189 1633 285 1681; x_wconf 76' lang='grc' dir='ltr'><strong><em>κατ’</em></strong></span> <span class='ocrx_word' id='word_1_143' title='bbox 307 1635 560 1696; x_wconf 76' lang='grc' dir='ltr'><strong><em>ἐμπειρίαν.</em></strong></span> 
     </span>
    </p>

    <p class='ocr_par' dir='ltr' id='par_1_4' title="bbox 182 1715 1659 2407">
     <span class='ocr_line' id='line_1_21' title="bbox 300 1715 1658 1777; baseline -0.001 -18"><span class='ocrx_word' id='word_1_144' title='bbox 300 1715 394 1759; x_wconf 88' lang='lat' dir='ltr'><strong>Jam</strong></span> <span class='ocrx_word' id='word_1_145' title='bbox 426 1728 511 1777; x_wconf 58' lang='grc' dir='ltr'><strong>ηοῐι,ἑ</strong></span> <span class='ocrx_word' id='word_1_146' title='bbox 541 1719 788 1760; x_wconf 88' lang='lat' dir='ltr'><strong>mirabimur</strong></span> <span class='ocrx_word' id='word_1_147' title='bbox 818 1718 917 1768; x_wconf 89' lang='lat' dir='ltr'><strong>quid</strong></span> <span class='ocrx_word' id='word_1_148' title='bbox 959 1718 1089 1772; x_wconf 80' lang='lat' dir='ltr'><strong>suerit</strong></span> <span class='ocrx_word' id='word_1_149' title='bbox 1118 1719 1236 1769; x_wconf 84' lang='lat' dir='ltr'><strong>quod</strong></span> <span class='ocrx_word' id='word_1_150' title='bbox 1266 1719 1456 1770; x_wconf 86' lang='lat' dir='ltr'><strong>proximo</strong></span> <span class='ocrx_word' id='word_1_151' title='bbox 1488 1718 1658 1769; x_wconf 88' lang='lat' dir='ltr'><strong>potissi-</strong></span> 
     </span>
     <span class='ocr_line' id='line_1_22' title="bbox 187 1788 1656 1848; baseline 0 -10"><span class='ocrx_word' id='word_1_152' title='bbox 187 1808 299 1838; x_wconf 92' lang='lat' dir='ltr'><strong>mum</strong></span> <span class='ocrx_word' id='word_1_153' title='bbox 323 1788 572 1839; x_wconf 82' lang='lat' dir='ltr'><strong>saeculo&#39;tot</strong></span> <span class='ocrx_word' id='word_1_154' title='bbox 592 1799 781 1847; x_wconf 84' lang='lat' dir='ltr'><strong>tantique</strong></span> <span class='ocrx_word' id='word_1_155' title='bbox 803 1799 884 1838; x_wconf 88' lang='lat' dir='ltr'><strong>viri</strong></span> <span class='ocrx_word' id='word_1_156' title='bbox 898 1799 947 1838; x_wconf 89' lang='lat' dir='ltr'><strong>ad</strong></span> <span class='ocrx_word' id='word_1_157' title='bbox 971 1802 1164 1840; x_wconf 90' lang='lat' dir='ltr'><strong>naturam</strong></span> <span class='ocrx_word' id='word_1_158' title='bbox 1188 1801 1311 1840; x_wconf 88' lang='lat' dir='ltr'><strong>nimis</strong></span> <span class='ocrx_word' id='word_1_159' title='bbox 1328 1800 1400 1839; x_wconf 85' lang='lat' dir='ltr'><strong>diu</strong></span> <span class='ocrx_word' id='word_1_160' title='bbox 1420 1799 1656 1848; x_wconf 86' lang='lat' dir='ltr'><strong>neglectam</strong></span> 
     </span>
     <span class='ocr_line' id='line_1_23' title="bbox 185 1878 1659 1929; baseline 0.001 -12"><span class='ocrx_word' id='word_1_161' title='bbox 185 1880 311 1927; x_wconf 90' lang='lat' dir='ltr'><strong>atque</strong></span> <span class='ocrx_word' id='word_1_162' title='bbox 341 1878 444 1918; x_wconf 89' lang='lat' dir='ltr'><strong>adeo</strong></span> <span class='ocrx_word' id='word_1_163' title='bbox 473 1879 740 1928; x_wconf 88' lang='lat' dir='ltr'><strong>depravatam</strong></span> <span class='ocrx_word' id='word_1_164' title='bbox 771 1878 1031 1918; x_wconf 86' lang='lat' dir='ltr'><strong>redeundum</strong></span> <span class='ocrx_word' id='word_1_165' title='bbox 1062 1889 1157 1920; x_wconf 91' lang='lat' dir='ltr'><strong>esse</strong></span> <span class='ocrx_word' id='word_1_166' title='bbox 1188 1879 1334 1929; x_wconf 87' lang='lat' dir='ltr'><strong>generi</strong></span> <span class='ocrx_word' id='word_1_167' title='bbox 1363 1879 1546 1919; x_wconf 90' lang='lat' dir='ltr'><strong>humano</strong></span> <span class='ocrx_word' id='word_1_168' title='bbox 1574 1878 1659 1918; x_wconf 90' lang='lat' dir='ltr'><strong>cla-</strong></span> 
     </span>
     <span class='ocr_line' id='line_1_24' title="bbox 187 1955 1658 2005; baseline 0.001 -9"><span class='ocrx_word' id='word_1_169' title='bbox 187 1960 370 1996; x_wconf 87' lang='lat' dir='ltr'><strong>marunt.</strong></span> <span class='ocrx_word' id='word_1_170' title='bbox 426 1955 557 1998; x_wconf 89' lang='lat' dir='ltr'><strong>Stoici</strong></span> <span class='ocrx_word' id='word_1_171' title='bbox 577 1960 718 1997; x_wconf 88' lang='lat' dir='ltr'><strong>autem</strong></span> <span class='ocrx_word' id='word_1_172' title='bbox 751 1960 846 2005; x_wconf 91' lang='lat' dir='ltr'><strong>post</strong></span> <span class='ocrx_word' id='word_1_173' title='bbox 866 1957 1051 1997; x_wconf 86' lang='lat' dir='ltr'><strong>adultam</strong></span> <span class='ocrx_word' id='word_1_174' title='bbox 1074 1957 1331 1999; x_wconf 88' lang='lat' dir='ltr'><strong>Graecorum</strong></span> <span class='ocrx_word' id='word_1_175' title='bbox 1353 1958 1658 1998; x_wconf 87' lang='lat' dir='ltr'><strong>humanitatem</strong></span> 
     </span>
     <span class='ocr_line' id='line_1_25' title="bbox 188 2035 1658 2087; baseline 0.001 -11"><span class='ocrx_word' id='word_1_176' title='bbox 188 2036 276 2076; x_wconf 91' lang='lat' dir='ltr'><strong>nati</strong></span> <span class='ocrx_word' id='word_1_177' title='bbox 299 2045 425 2085; x_wconf 89' lang='lat' dir='ltr'><strong>quum</strong></span> <span class='ocrx_word' id='word_1_178' title='bbox 457 2035 535 2076; x_wconf 91' lang='lat' dir='ltr'><strong>hoc</strong></span> <span class='ocrx_word' id='word_1_179' title='bbox 556 2038 822 2087; x_wconf 86' lang='lat' dir='ltr'><strong>praeceptum</strong></span> <span class='ocrx_word' id='word_1_180' title='bbox 854 2046 1066 2078; x_wconf 92' lang='lat' dir='ltr'><strong>summum</strong></span> <span class='ocrx_word' id='word_1_181' title='bbox 1089 2037 1278 2078; x_wconf 80' lang='lat' dir='ltr'><strong>facerent</strong></span> <span class='ocrx_word' id='word_1_182' title='bbox 1299 2038 1371 2077; x_wconf 85' lang='lat' dir='ltr'><strong>vix</strong></span> <span class='ocrx_word' id='word_1_183' title='bbox 1402 2037 1517 2078; x_wconf 88' lang='lat' dir='ltr'><strong>aliud</strong></span> <span class='ocrx_word' id='word_1_184' title='bbox 1540 2037 1658 2087; x_wconf 89' lang='lat' dir='ltr'><strong>quid-</strong></span> 
     </span>
     <span class='ocr_line' id='line_1_26' title="bbox 188 2101 1657 2168; baseline 0.001 -11"><span class='ocrx_word' id='word_1_185' title='bbox 188 2126 312 2166; x_wconf 88' lang='lat' dir='ltr'><strong>quam</strong></span> <span class='ocrx_word' id='word_1_186' title='bbox 335 2117 488 2157; x_wconf 89' lang='lat' dir='ltr'><strong>elocuti</strong></span> <span class='ocrx_word' id='word_1_187' title='bbox 522 2119 623 2158; x_wconf 91' lang='lat' dir='ltr'><strong>sunt</strong></span> <span class='ocrx_word' id='word_1_188' title='bbox 652 2119 778 2167; x_wconf 88' lang='lat' dir='ltr'><strong>atque</strong></span> <span class='ocrx_word' id='word_1_189' title='bbox 799 2118 906 2168; x_wconf 90' lang='lat' dir='ltr'><strong>quod</strong></span> <span class='ocrx_word' id='word_1_190' title='bbox 931 2119 1020 2168; x_wconf 87' lang='lat' dir='ltr'><strong>Jam</strong></span> <span class='ocrx_word' id='word_1_191' title='bbox 1044 2115 1242 2159; x_wconf 90' lang='lat' dir='ltr'><strong>Socrates</strong></span> <span class='ocrx_word' id='word_1_192' title='bbox 1264 2118 1494 2168; x_wconf 87' lang='lat' dir='ltr'><strong>voluisset,</strong></span> <span class='ocrx_word' id='word_1_193' title='bbox 1528 2101 1657 2168; x_wconf 89' lang='lat' dir='ltr'><strong>quum</strong></span> 
     </span>
     <span class='ocr_line' id='line_1_27' title="bbox 185 2197 1654 2249; baseline 0.001 -14"><span class='ocrx_word' id='word_1_194' title='bbox 185 2199 330 2236; x_wconf 91' lang='lat' dir='ltr'><strong>contra</strong></span> <span class='ocrx_word' id='word_1_195' title='bbox 361 2197 607 2238; x_wconf 88' lang='lat' dir='ltr'><strong>traditorum</strong></span> <span class='ocrx_word' id='word_1_196' title='bbox 637 2198 931 2238; x_wconf 90' lang='lat' dir='ltr'><strong>auctoritatem</strong></span> <span class='ocrx_word' id='word_1_197' title='bbox 953 2208 976 2238; x_wconf 90' lang='lat' dir='ltr'><strong>a</strong></span> <span class='ocrx_word' id='word_1_198' title='bbox 998 2198 1200 2249; x_wconf 89' lang='lat' dir='ltr'><strong>sophistis</strong></span> <span class='ocrx_word' id='word_1_199' title='bbox 1222 2199 1400 2239; x_wconf 73' lang='lat' dir='ltr'><strong>tractam</strong></span> <span class='ocrx_word' id='word_1_200' title='bbox 1433 2198 1654 2238; x_wconf 87' lang='lat' dir='ltr'><strong>scientiam</strong></span> 
     </span>
     <span class='ocr_line' id='line_1_28' title="bbox 183 2276 1655 2329; baseline 0.001 -13"><span class='ocrx_word' id='word_1_201' title='bbox 183 2277 273 2317; x_wconf 89' lang='lat' dir='ltr'><strong>veri</strong></span> <span class='ocrx_word' id='word_1_202' title='bbox 294 2279 336 2317; x_wconf 84' lang='lat' dir='ltr'><strong>et</strong></span> <span class='ocrx_word' id='word_1_203' title='bbox 357 2278 523 2318; x_wconf 90' lang='lat' dir='ltr'><strong>honesti</strong></span> <span class='ocrx_word' id='word_1_204' title='bbox 543 2281 732 2328; x_wconf 88' lang='lat' dir='ltr'><strong>poneret.</strong></span> <span class='ocrx_word' id='word_1_205' title='bbox 786 2276 878 2319; x_wconf 89' lang='lat' dir='ltr'><strong>Illic</strong></span> <span class='ocrx_word' id='word_1_206' title='bbox 900 2289 995 2319; x_wconf 90' lang='lat' dir='ltr'><strong>cum</strong></span> <span class='ocrx_word' id='word_1_207' title='bbox 1026 2279 1105 2319; x_wconf 92' lang='lat' dir='ltr'><strong>hoc</strong></span> <span class='ocrx_word' id='word_1_208' title='bbox 1135 2279 1340 2329; x_wconf 88' lang='lat' dir='ltr'><strong>principio</strong></span> <span class='ocrx_word' id='word_1_209' title='bbox 1366 2288 1517 2319; x_wconf 88' lang='lat' dir='ltr'><strong>novam</strong></span> <span class='ocrx_word' id='word_1_210' title='bbox 1540 2280 1655 2318; x_wconf 88' lang='lat' dir='ltr'><strong>aeta-</strong></span> 
     </span>
     <span class='ocr_line' id='line_1_29' title="bbox 182 2357 1260 2407; baseline 0.004 -12"><span class='ocrx_word' id='word_1_211' title='bbox 182 2357 264 2395; x_wconf 88' lang='lat' dir='ltr'><strong>tem</strong></span> <span class='ocrx_word' id='word_1_212' title='bbox 286 2358 436 2407; x_wconf 90' lang='lat' dir='ltr'><strong>ortam‚</strong></span> <span class='ocrx_word' id='word_1_213' title='bbox 461 2357 528 2397; x_wconf 89' lang='lat' dir='ltr'><strong>hic</strong></span> <span class='ocrx_word' id='word_1_214' title='bbox 550 2360 839 2399; x_wconf 88' lang='lat' dir='ltr'><strong>senescentem</strong></span> <span class='ocrx_word' id='word_1_215' title='bbox 862 2359 1105 2399; x_wconf 89' lang='lat' dir='ltr'><strong>conclusam</strong></span> <span class='ocrx_word' id='word_1_216' title='bbox 1127 2358 1260 2399; x_wconf 86' lang='lat' dir='ltr'><strong>dicaS.</strong></span> 
     </span>
    </p>

    <p class='ocr_par' dir='ltr' id='par_1_5' title="bbox 178 2433 1655 2807">
     <span class='ocr_line' id='line_1_30' title="bbox 298 2433 1655 2489; baseline 0.001 -12"><span class='ocrx_word' id='word_1_217' title='bbox 298 2433 410 2489; x_wconf 85' lang='lat' dir='ltr'><strong>Quid</strong></span> <span class='ocrx_word' id='word_1_218' title='bbox 447 2438 599 2487; x_wconf 87' lang='lat' dir='ltr'><strong>plura?</strong></span> <span class='ocrx_word' id='word_1_219' title='bbox 648 2437 843 2479; x_wconf 87' lang='lat' dir='ltr'><strong>Naturae</strong></span> <span class='ocrx_word' id='word_1_220' title='bbox 880 2439 1181 2479; x_wconf 89' lang='lat' dir='ltr'><strong>convenienter</strong></span> <span class='ocrx_word' id='word_1_221' title='bbox 1212 2438 1358 2479; x_wconf 91' lang='lat' dir='ltr'><strong>vivere</strong></span> <span class='ocrx_word' id='word_1_222' title='bbox 1396 2437 1466 2479; x_wconf 87' lang='lat' dir='ltr'><strong>vel</strong></span> <span class='ocrx_word' id='word_1_223' title='bbox 1507 2446 1655 2478; x_wconf 89' lang='lat' dir='ltr'><strong>omnes</strong></span> 
     </span>
     <span class='ocr_line' id='line_1_31' title="bbox 180 2516 1655 2570; baseline 0 -13"><span class='ocrx_word' id='word_1_224' title='bbox 180 2526 306 2566; x_wconf 91' lang='lat' dir='ltr'><strong>quum</strong></span> <span class='ocrx_word' id='word_1_225' title='bbox 327 2518 508 2567; x_wconf 89' lang='lat' dir='ltr'><strong>primum</strong></span> <span class='ocrx_word' id='word_1_226' title='bbox 529 2520 690 2559; x_wconf 92' lang='lat' dir='ltr'><strong>mentes</strong></span> <span class='ocrx_word' id='word_1_227' title='bbox 713 2519 987 2570; x_wconf 88' lang='lat' dir='ltr'><strong>dispexerunt</strong></span> <span class='ocrx_word' id='word_1_228' title='bbox 1008 2518 1136 2560; x_wconf 88' lang='lat' dir='ltr'><strong>semel</strong></span> <span class='ocrx_word' id='word_1_229' title='bbox 1156 2518 1201 2559; x_wconf 92' lang='lat' dir='ltr'><strong>in</strong></span> <span class='ocrx_word' id='word_1_230' title='bbox 1222 2520 1470 2567; x_wconf 88' lang='lat' dir='ltr'><strong>perpetuum</strong></span> <span class='ocrx_word' id='word_1_231' title='bbox 1498 2516 1655 2558; x_wconf 88' lang='lat' dir='ltr'><strong>consti-</strong></span> 
     </span>
     <span class='ocr_line' id='line_1_32' title="bbox 180 2596 1652 2648; baseline 0 -12"><span class='ocrx_word' id='word_1_232' title='bbox 180 2597 355 2637; x_wconf 88' lang='lat' dir='ltr'><strong>tuimus.</strong></span> <span class='ocrx_word' id='word_1_233' title='bbox 413 2596 473 2637; x_wconf 90' lang='lat' dir='ltr'><strong>At</strong></span> <span class='ocrx_word' id='word_1_234' title='bbox 500 2598 652 2647; x_wconf 88' lang='lat' dir='ltr'><strong>ingens</strong></span> <span class='ocrx_word' id='word_1_235' title='bbox 684 2599 879 2648; x_wconf 89' lang='lat' dir='ltr'><strong>sequitur</strong></span> <span class='ocrx_word' id='word_1_236' title='bbox 907 2600 1145 2639; x_wconf 90' lang='lat' dir='ltr'><strong>animorum</strong></span> <span class='ocrx_word' id='word_1_237' title='bbox 1177 2598 1390 2638; x_wconf 88' lang='lat' dir='ltr'><strong>contentio</strong></span> <span class='ocrx_word' id='word_1_238' title='bbox 1421 2596 1652 2636; x_wconf 87' lang='lat' dir='ltr'><strong>sententia-</strong></span> 
     </span>
     <span class='ocr_line' id='line_1_33' title="bbox 178 2675 1652 2729; baseline -0.001 -13"><span class='ocrx_word' id='word_1_239' title='bbox 178 2686 355 2726; x_wconf 84' lang='lat' dir='ltr'><strong>rumque</strong></span> <span class='ocrx_word' id='word_1_240' title='bbox 387 2676 671 2726; x_wconf 88' lang='lat' dir='ltr'><strong>discrepantia</strong></span> <span class='ocrx_word' id='word_1_241' title='bbox 701 2688 827 2728; x_wconf 90' lang='lat' dir='ltr'><strong>quum</strong></span> <span class='ocrx_word' id='word_1_242' title='bbox 863 2679 1058 2729; x_wconf 86' lang='lat' dir='ltr'><strong>deinceps</strong></span> <span class='ocrx_word' id='word_1_243' title='bbox 1088 2687 1196 2728; x_wconf 89' lang='lat' dir='ltr'><strong>quae</strong></span> <span class='ocrx_word' id='word_1_244' title='bbox 1228 2677 1285 2717; x_wconf 92' lang='lat' dir='ltr'><strong>sit</strong></span> <span class='ocrx_word' id='word_1_245' title='bbox 1316 2678 1494 2717; x_wconf 86' lang='lat' dir='ltr'><strong>naturae</strong></span> <span class='ocrx_word' id='word_1_246' title='bbox 1533 2675 1652 2716; x_wconf 88' lang='lat' dir='ltr'><strong>illius</strong></span> 
     </span>
     <span class='ocr_line' id='line_1_34' title="bbox 178 2756 1649 2807; baseline 0 -12"><span class='ocrx_word' id='word_1_247' title='bbox 178 2756 243 2794; x_wconf 87' lang='lat' dir='ltr'><strong>vis</strong></span> <span class='ocrx_word' id='word_1_248' title='bbox 267 2758 308 2795; x_wconf 91' lang='lat' dir='ltr'><strong>et</strong></span> <span class='ocrx_word' id='word_1_249' title='bbox 328 2756 525 2796; x_wconf 81' lang='lat' dir='ltr'><strong>voluntas</strong></span> <span class='ocrx_word' id='word_1_250' title='bbox 549 2756 824 2797; x_wconf 75' lang='lat' dir='ltr'><strong>definiendum</strong></span> <span class='ocrx_word' id='word_1_251' title='bbox 855 2761 934 2798; x_wconf 89' lang='lat' dir='ltr'><strong>est.</strong></span> <span class='ocrx_word' id='word_1_252' title='bbox 989 2757 1130 2807; x_wconf 90' lang='lat' dir='ltr'><strong>Atque</strong></span> <span class='ocrx_word' id='word_1_253' title='bbox 1161 2756 1228 2796; x_wconf 92' lang='lat' dir='ltr'><strong>hic</strong></span> <span class='ocrx_word' id='word_1_254' title='bbox 1248 2765 1399 2797; x_wconf 88' lang='lat' dir='ltr'><strong>vereor</strong></span> <span class='ocrx_word' id='word_1_255' title='bbox 1420 2765 1473 2796; x_wconf 88' lang='lat' dir='ltr'><strong>ne</strong></span> <span class='ocrx_word' id='word_1_256' title='bbox 1503 2764 1649 2796; x_wconf 87' lang='lat' dir='ltr'><strong>cerna-</strong></span> 
     </span>
    </p>
   </div>
   <div class='ocr_carea' id='block_1_4' title="bbox 1771 2179 1893 3155">
    <p class='ocr_par' dir='ltr' id='par_1_6' title="bbox 1771 2179 1893 3155">
     <span class='ocr_line' id='line_1_35' title="bbox 1771 2179 1893 3155; baseline 0 0"><span class='ocrx_word' id='word_1_257' title='bbox 1771 2179 1893 3155; x_wconf 95' lang='lat' dir='ltr'><strong> </strong></span> 
     </span>
    </p>
   </div>
  </div>
 </body>
</html>
