1893 3155
729 162 1211 265 μήπω-

242 326 335 358 eam
353 309 486 366 igitur
504 315 626 356 homo
645 316 690 356 in
711 316 798 356 vita
820 326 898 357 sua
918 317 1120 357 imitetur.
1164 302 1351 355 Mundus
1370 305 1706 368 tanquamleom-

244 394 384 437 munis
415 395 586 436 deorum
614 397 740 446 atque
770 395 981 437 hominum
1009 394 1156 436 domus
1190 396 1263 435 aut
1300 392 1401 434 urbs
1430 385 1705 439 utrorumque

246 474 319 522 (ih.
342 472 414 525 62,
443 472 566 526 154„
597 475 790 525 sequitur
818 475 895 524 (ih.
920 473 991 524 31,
1015 473 1090 528 74)
1120 476 1168 515 ut
1188 473 1329 514 eadem
1361 472 1419 512 sit
1447 471 1491 511 in
1511 468 1705 519 utrisque

245 553 376 603 ratio,
407 553 547 593 eadem
568 554 726 594 vernas
756 554 980 603 utrobique
1001 554 1228 602 eademque
1257 552 1349 592 lex:
1383 552 1491 600 ‹iuae
1511 552 1579 590 est
1596 548 1704 590 recti

245 632 480 684 praeceptio
500 632 700 682 pravique
721 632 962 685 depulsio.“

359 710 550 752 Naturae
571 712 872 752 convenienter
890 712 1032 753 vivere
1056 712 1196 763 primo
1216 713 1259 751 et
1288 710 1544 761 amplissimo
1575 718 1705 770 sensu

246 790 324 830 hoc
345 793 423 840 est,
448 790 582 841 legem
605 791 851 831 mundanam
874 792 1043 832 imitari.
1087 789 1200 831 Idem
1223 791 1360 830 dicere
1380 789 1620 840 putavimus
1641 787 1705 827 in-

246 870 611 919 terpretationem,
654 879 777 918 quam
816 871 1055 920 attigimus,
1101 867 1351 919 Chrysippi3
1392 878 1498 917 quae
1526 867 1707 907 traditur

248 957 273 987 a
304 944 428 997 Diog.
459 944 512 988 L.
544 949 586 987 et
620 944 715 1005 Joh3
751 945 929 989 Stohaeo
959 948 1004 988 ll.
1038 949 1083 989 ll.
1117 947 1265 988 iisdem
1294 946 1461 987 verbis:
1506 946 1581 1002 ζῆν
1609 939 1703 987 κατ’

249 1013 486 1082 ἐμπειρίαν
525 1028 613 1067 τῶν
652 1022 784 1084 φύσει
822 1023 1165 1081 συμβαινόντων.
1227 1023 1377 1069 Cicero
1410 1034 1501 1065 eam
1541 1024 1708 1075 saepius

248 1106 400 1147 vertit:
433 1106 576 1146 vivere
606 1106 823 1146 scientiam
855 1106 1114 1146 adhibentem
1139 1116 1282 1162 eorum
1304 1115 1411 1156 quae
1441 1107 1592 1145 natura
1614 1114 1709 1145 eve-

249 1185 394 1236 niunt3
428 1186 536 1234 quod
565 1188 703 1225 autem
734 1186 783 1225 de
812 1186 883 1225 fln.
916 1183 992 1225 ΙΠ.
1019 1184 1060 1236 3,
1085 1185 1137 1226 31
1170 1186 1302 1225 veluti
1334 1195 1408 1235 pro
1429 1184 1707 1234 explicatione

249 1264 416 1314 adjicit:
446 1264 727 1314 „seligentem
747 1274 853 1314 quae
874 1264 1101 1304 secundum
1123 1267 1331 1314 naturam,
1364 1266 1406 1303 et
1427 1264 1465 1303 si
1483 1272 1590 1313 quae
1611 1272 1709 1302 con-

250 1345 320 1384 tra.
349 1345 543 1383 naturam
586 1344 706 1392 sunt,
747 1343 1069 1392 rejicientem,“
1110 1352 1238 1392 quum
1272 1342 1538 1382 selectionem
1575 1344 1618 1381 et
1645 1351 1711 1382 re-

246 1422 475 1473 jectionem
510 1422 605 1462 finis
637 1421 796 1462 notioni
825 1422 1054 1472 immiscet,
1087 1422 1365 1472 posteriorum
1387 1418 1623 1462 Stoicorum
1648 1421 1713 1461 in-

250 1501 549 1552 terpretatione
580 1501 806 1552 genuinam
836 1497 1061 1551 Chrysippi
1092 1501 1343 1541 sententiam
1372 1501 1623 1551 depravasse
1653 1501 1714 1541 vi-

251 1581 400 1632 detur3
444 1581 483 1621 id
516 1581 623 1632 quod
664 1583 808 1631 postea
846 1580 1002 1621 clarius
1039 1582 1249 1620 cernetur.
1301 1576 1407 1621 Mihi
1439 1590 1493 1620 ex
1524 1580 1576 1621 iis
1606 1590 1713 1631 quae

252 1660 441 1709 exposita
465 1662 566 1700 sunt
595 1663 637 1700 et
666 1660 910 1709 praesertim
942 1669 995 1698 ex
1026 1659 1163 1698 addita
1191 1661 1353 1699 ratione
1384 1660 1434 1699 de
1454 1661 1605 1699 natura
1636 1659 1707 1698 hu-

251 1747 375 1778 mana
394 1738 617 1778 universae
636 1738 836 1788 participe
856 1739 1018 1777 certum
1039 1739 1104 1777 est
1126 1733 1351 1788 Chrysippi
1373 1737 1594 1778 formulam
1616 1746 1710 1778 eum

253 1817 491 1866 significare
513 1817 636 1856 finem
658 1826 739 1865 quo
769 1816 944 1865 amplior
972 1816 1113 1855 nullus
1141 1826 1236 1856 esse
1264 1819 1425 1866 potest,
1459 1817 1565 1866 legis
1593 1827 1713 1856 mun-

254 1895 389 1936 danae
425 1895 888 1946 contemplationemet
926 1894 1216 1936 imitationem.
1290 1893 1381 1936 Hoc
1420 1895 1463 1936 in
1502 1895 1715 1937 doctrinae

254 1984 449 2015 connexu
481 1976 523 2014 et
550 1974 640 2024 ipse
670 1972 862 2014 Ritterus
891 1971 978 2024 111,
1011 1984 1052 2024 p.
1077 1972 1161 2015 614
1192 1983 1284 2014 eam
1314 1974 1547 2014 collocavit.
1601 1969 1714 2016 Κατ’

255 2049 493 2110 ἐμπειρίαν
523 2056 589 2093 est
616 2064 668 2093 ex
709 2053 1012 2104 intelligentia3
1054 2063 1136 2102 quo
1166 2054 1270 2092 hene
1311 2054 1577 2103 significatur
1606 2054 1717 2094 hunc

253 2132 467 2183 proprium
506 2141 600 2172 esse
639 2131 817 2172 hominis
857 2131 1082 2182 honorem,
1139 2134 1185 2172 ut
1223 2141 1484 2172 communem
1526 2133 1716 2174 universi

253 2211 388 2261 legem
420 2220 504 2251 non
541 2220 707 2250 caecam
744 2212 969 2267 sequatur,
1014 2210 1086 2250 sed
1116 2213 1375 2260 perspectam
1415 2210 1712 2260 intelligentia.
1795 2241 1801 2248 .

260 2286 327 2331 Τὰ
363 2285 498 2347 φύσει
534 2285 833 2344 συμβαίνοντα
875 2290 1080 2340 explicate
1116 2289 1313 2330 dicuntur
1352 2299 1459 2339 quae
1498 2289 1631 2330 latent
1670 2290 1714 2331 in

256 2365 411 2426 φύσει,
444 2368 586 2408 mundi
614 2368 780 2408 ordines
812 2370 936 2417 atque
965 2368 1173 2407 instituta.
1227 2366 1342 2407 Haec
1369 2370 1508 2408 mente
1527 2378 1716 2419 compre-

256 2448 468 2498 hendisse,
491 2447 647 2488 virtute
668 2448 929 2498 expressisse
952 2444 1187 2498 Chrysippo
1208 2443 1335 2496 τέλος
1354 2450 1434 2488 est.

372 2525 511 2577 Atque
550 2526 610 2567 sic
649 2526 720 2566 ille
759 2526 924 2567 locutus
965 2528 1007 2566 et
1047 2522 1263 2567 Cleanthis
1306 2526 1497 2576 magistri
1538 2526 1714 2577 simplex

256 2607 357 2648 illud
407 2602 540 2664 φύσει
590 2600 951 2660 ὁμολογουμένως
1001 2605 1076 2662 ζῆν
1123 2603 1398 2663 σαφέστερον
1443 2602 1716 2659 βουλόμενος

257 2688 464 2746 ποιῆσαι,
480 2688 526 2727 ut
555 2686 614 2726 ait
641 2682 758 2727 Stoh.
793 2684 822 2725 l.
848 2683 877 2725 l.
941 2681 1054 2738 Quin
1088 2681 1313 2727 Cleanthes
1349 2695 1440 2726 eam
1469 2686 1717 2738 interpreta-

1645 2814 1654 2835 i
1679 2832 1686 2836 .
