1893 3155
702 260 971 307 ——22

212 382 263 423 ad
284 381 399 423 illius
428 381 563 432 legem
585 380 821 421 confirmari
854 380 1056 432 sapientia
1080 382 1200 422 est.‘⁴
1252 379 1343 423 Hoc
1364 382 1488 434 quale
1510 382 1567 424 sit
1581 382 1672 434 jam

212 461 490 510 quaerendum
521 463 610 511 est3
645 460 687 499 in
714 470 800 509 quo
821 460 1018 510 quidquid
1053 460 1360 510 divergentium
1395 462 1672 503 formularum

210 543 424 591 praeterea
445 539 644 580 traditum
666 541 920 591 accepimus,
946 540 987 580 id
1006 548 1083 580 suo
1105 539 1287 590 quidque
1308 540 1401 582 loeo
1422 552 1673 583 commemo-

208 620 407 660 rahimus.

324 697 443 753 Quod
467 702 606 740 autem
635 700 750 740 illico
772 700 978 749 sentitur,
1013 699 1048 739 si
1080 699 1309 749 pleniorem
1332 700 1555 742 formulam
1576 710 1672 742 eum

211 780 390 821 breviori
414 780 732 831 contulerimus,
766 779 902 820 omnis
933 779 1169 820 sententiae
1188 780 1255 821 vis
1276 790 1325 821 ae
1345 780 1508 832 pondus
1531 791 1554 822 e
1574 790 1675 822 eon-

207 860 417 900 venientia
439 860 569 900 cessit
597 860 640 899 in
671 843 880 900 naturam.
933 856 1039 900 Illud
1062 859 1170 899 enim
1197 854 1564 916 ὁμολογουμένως
1583 861 1674 901 sive

209 934 476 990 ἀκολούθως
496 939 604 990 quod
627 942 749 979 antea
780 948 855 989 per
876 949 922 979 se
944 939 1176 989 sapientiae
1208 949 1413 981 summam
1434 940 1675 981 continebat

209 1031 321 1061 nunc
361 1030 436 1070 pro
476 1020 784 1070 praepositione
825 1022 915 1069 est,
960 1020 1185 1061 discrimen
1225 1020 1363 1069 ipsum
1391 1023 1434 1060 et
1474 1023 1674 1069 tanquam

210 1100 336 1140 cardo
365 1100 453 1140 litis
481 1101 523 1140 in
554 1102 731 1140 naturae
760 1102 966 1150 potestate
994 1102 1203 1140 versatur.
1262 1097 1674 1140 Schleiermaeherus
1722 1080 1724 1083 ’

208 1191 249 1230 p.
277 1178 382 1220 136:
428 1180 534 1230 „die
562 1179 962 1229 Naturgemiissheit
998 1180 1056 1220 ist
1083 1177 1154 1219 fiir
1183 1178 1271 1218 sich
1303 1179 1370 1219 ein
1400 1179 1541 1219 reiner
1566 1177 1674 1221 Ver-

209 1259 545 1310 ha’ltnissbegrifl'
561 1259 642 1300 und
665 1259 777 1300 kann
797 1259 934 1300 niehts
956 1259 1203 1300 bestimmen
1226 1258 1302 1299 ehe
1324 1259 1439 1299 nicht
1457 1258 1522 1299 die
1532 1255 1676 1300 Natur

210 1340 422 1379 bestimmt
442 1339 670 1380 worden.“
713 1336 847 1392 Quam
871 1340 1010 1378 autem
1032 1339 1244 1378 notionem
1266 1348 1394 1388 quum
1415 1340 1460 1379 in
1481 1339 1675 1379 omnibus

210 1420 478 1468 antiquorum
507 1418 722 1459 hominum
753 1419 964 1458 mentibus
994 1421 1082 1458 tum
1111 1419 1153 1458 in
1184 1416 1423 1459 Stoicorum
1454 1419 1675 1469 disciplina

209 1498 452 1548 ampliorem
483 1497 670 1538 valuisse
701 1498 862 1537 diceres
896 1507 1019 1547 quam
1060 1498 1267 1538 naturae?
1316 1495 1380 1538 De
1410 1508 1491 1548 qua
1523 1499 1675 1540 dicturi

213 1578 465 1617 latissimum
487 1578 649 1628 ingredi
670 1578 863 1617 videmur
884 1577 1183 1628 cogitationum
1206 1587 1412 1628 eampum.

327 1657 517 1699 Naturae
546 1658 845 1699 convenienter
873 1658 1016 1698 vivere
1042 1658 1253 1707 jubemur.
1307 1654 1426 1710 Quod
1449 1659 1485 1698 si
1506 1659 1600 1707 quis
1622 1668 1678 1698 ex

212 1738 411 1780 hodierno
434 1747 561 1779 sensu
583 1737 851 1788 interpretari
875 1737 1001 1778 vellet
1022 1746 1173 1778 vereor
1192 1747 1245 1778 ne
1275 1747 1297 1777 a
1321 1735 1558 1779 Stoicorum
1580 1747 1676 1778 sen-

210 1820 341 1859 tentia
380 1828 553 1868 prorsus
585 1818 814 1858 aberraret.
877 1816 989 1858 Nam
1020 1818 1099 1858 etsi
1138 1818 1530 1868 interpretationum
1569 1827 1676 1868 quae

211 1909 306 1938 esse
339 1900 517 1947 possunt
550 1899 643 1946 ejus
677 1897 909 1937 sententiae
942 1907 1105 1937 omnem
1136 1897 1224 1937 sere
1262 1897 1510 1937 varietatem
1550 1897 1675 1937 etiam

189 2006 191 2009 .
213 1977 327 2015 inter
353 1977 565 2014 nostrates
595 1974 856 2013 circumferri
888 1975 1011 2013 video
1028 2004 1039 2023 ,
1072 1977 1236 2022 tamen,
1271 1975 1306 2013 si
1330 1984 1382 2013 ex
1405 1985 1452 2013 ea
1474 1976 1677 2014 varietate

216 2064 420 2105 quaenam
454 2056 598 2094 nostro
630 2053 773 2093 sensui
806 2053 985 2092 maxime
1015 2053 1182 2102 propria
1213 2055 1351 2102 esset,
1385 2057 1674 2104 quaereretur,

217 2136 284 2186 (ut
314 2133 501 2173 omittam
534 2131 640 2182 quod
674 2131 801 2181 vulgo
832 2132 988 2171 vietum
1025 2135 1066 2172 et
1095 2132 1278 2172 habitum
1308 2134 1349 2171 et
1381 2132 1540 2183 reliqua
1571 2142 1678 2183 quae

219 2217 319 2253 sunt
342 2213 531 2262 eorporis
553 2212 781 2252 seeundum
805 2214 997 2251 naturam
1018 2212 1274 2252 instituenda
1297 2212 1569 2263 praecipitur)
1592 2222 1678 2252 ma-

216 2293 330 2334 xime
352 2292 532 2334 dicerem
556 2301 580 2332 a
601 2290 759 2331 nostris
790 2289 1026 2331 hominibus
1053 2291 1094 2331 in
1117 2291 1322 2341 ejusmodi
1350 2292 1583 2342 praeceptis
1604 2302 1678 2333 na-

218 2375 357 2413 turam
385 2371 569 2421 intelligi
601 2380 691 2411 eam
723 2369 925 2419 indolem,
968 2380 1088 2420 quam
1120 2380 1236 2411 suam
1270 2379 1607 2421 unumquemque
1637 2374 1680 2412 et

220 2452 340 2501 plane
368 2451 625 2500 singularem
656 2460 704 2488 ac
726 2450 928 2498 propriam
961 2450 1004 2490 in
1027 2461 1120 2490 sese
1141 2452 1251 2491 serre
1272 2454 1482 2500 putamus.
1535 2450 1679 2492 Veluti

223 2528 429 2573 Goethius
460 2529 495 2569 si
518 2538 639 2579 quem
662 2528 827 2569 videbat
856 2530 1026 2570 strenue
1056 2533 1248 2581 agentem
1272 2530 1379 2581 quod
1412 2539 1535 2571 suum
1566 2532 1696 2571 esset⁴

222 2612 416 2652 naturam
448 2608 639 2648 vocabat.
696 2606 740 2648 In
771 2617 850 2658 quo
883 2618 1006 2658 quam
1037 2610 1217 2660 singulis
1246 2609 1471 2650 tribuimus
1501 2608 1680 2658 dignita-

221 2693 304 2729 tem
338 2699 386 2729 ea
419 2690 557 2727 aetate
580 2684 819 2727 Christiana
849 2688 1010 2728 demum
1041 2689 1213 2738 agnosci
1244 2691 1387 2737 coepta
1416 2691 1494 2726 est.
1550 2684 1681 2727 Stoici

222 2763 336 2810 certe
358 2767 399 2809 in
423 2777 469 2809 ea
485 2797 496 2818 ,
532 2775 654 2818 quam
678 2765 926 2816 sequendam
949 2776 1042 2808 esse
1064 2768 1271 2817 statuunt,
1306 2767 1456 2808 natura
1478 2765 1680 2818 interpre-
