1893 3155
351 513 560 569 Quoniam
580 518 719 559 autem
750 516 811 558 ita
830 516 970 559 facere
990 516 1287 559 constituimus
1316 520 1363 558 ut
1383 527 1408 558 a
1428 514 1694 568 simpliciori-

234 597 313 639 hus
333 596 549 638 doctrinae
569 595 787 638 elementis
808 596 860 636 ad
879 596 1169 648 implicatiora,
1203 598 1254 637 ab
1274 597 1510 648 originibus
1532 606 1608 647 per
1627 597 1691 636 in-

234 679 447 719 crementa
467 676 520 717 ad
543 677 706 717 exitum
736 677 929 727 genetica
949 687 1073 726 quam
1093 680 1246 718 vocant
1264 678 1332 718 via
1354 677 1686 728 progrediamur,

233 766 317 807 qua
355 755 428 797 illa
458 755 758 806 quodammodo
800 756 953 796 iterum
982 757 1079 796 ante
1119 756 1487 807 contemplantium
1527 755 1691 796 animos

234 838 449 886 nascatur,
481 835 796 886 proficiscemur
815 834 866 874 ah
888 843 936 874 ea
963 834 1156 885 principii
1183 835 1298 875 iilius
1320 836 1427 885 quod
1447 835 1691 885 quaerimus

234 915 439 965 formula,
472 924 577 964 quae
607 916 649 954 et
677 914 986 964 simplicissima
1015 916 1057 953 et
1086 914 1124 953 si
1145 911 1324 954 Stobaeo
1355 915 1457 954 fides
1486 914 1690 963 antiquis-

234 996 340 1037 sima
368 996 446 1035 est.
504 991 547 1034 Is
578 994 689 1035 enim
718 994 811 1034 loco
842 993 1090 1044 pervulgato
1121 1003 1162 1043 p.
1188 991 1272 1034 132
1321 991 1532 1034 Zenonem
1561 993 1692 1034 tradit

233 1083 308 1125 pro
335 1070 454 1116 τέλει
481 1073 674 1124 posuisse
702 1068 755 1114 τὸ
785 1067 1161 1128 ὁμολογουμένως·
1178 1072 1275 1129 ζῆν,
1311 1073 1610 1113 convenienter
1630 1072 1691 1112 vi-

232 1135 356 1205 vere3
389 1155 567 1196 naturae
587 1151 837 1193 vocabulum
866 1162 891 1192 a
913 1150 1116 1194 Cleanthe
1136 1152 1300 1193 demum
1321 1152 1522 1203 additum,
1556 1150 1692 1193 Zeno-

233 1232 301 1275 nis
332 1232 555 1273 formulam
589 1240 673 1273 non
703 1231 808 1271 satis
836 1231 976 1272 facere
1004 1234 1193 1281 putante.
1248 1229 1384 1283 Quam
1414 1231 1691 1272 differentiam

231 1320 367 1361 neque
388 1306 538 1352 Cicero
559 1320 694 1361 neque
715 1308 840 1361 Diog.
863 1308 1008 1351 Laert.
1033 1320 1168 1360 neque
1188 1309 1295 1360 quod
1318 1309 1446 1350 sciam
1468 1310 1691 1360 quisquam

232 1390 351 1434 alius-
370 1390 726 1439 commemoravit.
787 1388 931 1439 Atque
958 1387 1153 1430 Ciceroni
1182 1389 1343 1438 quidem
1373 1389 1475 1429 nihil
1503 1390 1690 1430 tribuen-

233 1470 331 1512 dum
352 1471 433 1518 cst,
465 1478 593 1519 quum
615 1468 720 1510 alias
740 1470 831 1509 tum
852 1468 903 1509 de
922 1468 995 1509 fln.
1011 1465 1087 1518 IV,
1106 1465 1149 1518 6,
1171 1465 1225 1508 14
1255 1468 1517 1509 accuratiora
1538 1468 1694 1510 doctri-

232 1558 313 1594 nae
332 1548 575 1591 discrimina
593 1547 652 1588 ila
673 1547 864 1588 miscenti
893 1550 942 1588 ut
962 1557 1053 1588 eam
1076 1546 1297 1589 formulam
1319 1556 1444 1596 quam
1466 1543 1695 1599 Chrysippi

233 1636 328 1670 esse
349 1626 587 1671 certissime
607 1629 782 1667 constat·
795 1619 957 1668 Zenoni
980 1627 1153 1668 tribuat.
1202 1624 1386 1668 Gravius
1406 1627 1541 1668 videri
1561 1628 1696 1678 possit

233 1705 343 1756 quod
371 1704 499 1757 Diog.
530 1707 672 1759 vei-his
706 1705 891 1751 Zenonis
920 1706 1062 1748 allatis
1093 1706 1205 1747 hunc
1235 1706 1415 1756 primum
1443 1703 1571 1757 τέλος
1599 1717 1696 1749 csse

233 1781 428 1832 docuisse
455 1787 633 1830 naturae
661 1786 961 1826 convenienter
998 1785 1141 1825 vivere
1169 1784 1324 1825 diserte
1363 1783 1525 1842 refert„
1570 1782 1693 1838 Quod

233 1862 466 1910 Hecrcnius
487 1864 539 1905 ad
560 1861 730 1906 Stobaei
749 1864 778 1904 l.
803 1865 832 1905 l.
857 1874 906 1904 eo
928 1864 1153 1913 exaequari
1174 1872 1298 1913 posse
1317 1864 1550 1914 annotavit,
1583 1865 1693 1915 quod

232 1942 324 1986 fleri
353 1942 538 1993 potuerit.
556 1944 606 1984 ut
625 1940 742 1984 Zeno
763 1943 846 1984 alio
866 1942 963 1984 libri
991 1943 1058 1984 sui
1078 1942 1170 1983 loco
1191 1941 1463 1993 simpliciori,
1496 1942 1579 1985 aiio
1607 1943 1694 1994 ple-

232 2021 342 2066 niori
363 2021 544 2066 iormula
573 2024 777 2062 uteretur.
812 2042 815 2045 ⁴
832 2019 915 2063 Sed
935 2024 1126 2072 apertum
1146 2024 1213 2061 est
1234 2019 1461 2062 Stobaeum
1481 2031 1565 2062 non
1586 2022 1697 2071 quod

233 2102 377 2142 nescio
398 2111 481 2151 quo
510 2101 603 2146 loco
622 2099 738 2165 Zeno
760 2102 915 2143 dixerit
943 2102 1016 2143 sed
1045 2102 1154 2152 quod
1184 2111 1260 2152 pro
1291 2111 1369 2142 suo
1400 2102 1568 2142 decreto
1597 2111 1696 2146 con-

234 2182 398 2226 stanter
416 2180 634 2230 professus
664 2181 720 2224 sit
748 2180 939 2231 tradere3
970 2182 1055 2223 tam
1078 2179 1275 2226 distincte
1295 2181 1347 2222 ab
1375 2180 1490 2222 illius
1511 2180 1696 2224 formula

205 2252 207 2254 ’
234 2259 286 2302 ad
306 2255 552 2306 Cleanthem
573 2260 775 2309 procedit.
819 2257 1023 2309 Equidem
1045 2267 1140 2301 cum
1154 2256 1195 2301 J.
1215 2256 1360 2310 Lipsio
1381 2260 1425 2300 in
1446 2260 1690 2305 manuduct.

233 2337 403 2379 dissert.
432 2335 540 2380 XIV
570 2335 795 2383 Stobaeum
825 2348 973 2380 verum
1003 2338 1225 2379 tradidisse
1252 2347 1418 2378 censeo.
1477 2336 1693 2388 Diogenes

233 2417 344 2463 enim
364 2417 532 2459 omnino
551 2418 798 2461 varietatem
819 2417 1092 2472 formularum
1114 2426 1239 2465 quam
1265 2416 1416 2458 leviter
1435 2419 1603 2466 tractet,
1637 2427 1693 2459 ex

234 2505 284 2544 eo
312 2497 507 2546 apparet,
547 2494 656 2545 duod
693 2494 892 2539 continuo
922 2494 1090 2544 adjicit:
1131 2490 1243 2551 ὅπερ
1283 2491 1378 2542 ἐστὶ
1406 2490 1501 2538 κατ’
1534 2490 1692 2553 ἀρετὴν

235 2575 336 2634 ζῆνς
363 2585 446 2626 quo
475 2574 610 2622 omnis
640 2582 983 2624 quorumcunque
1020 2574 1318 2627 principiorum
1345 2575 1580 2623 differentia
1616 2585 1691 2616 ex-

236 2657 483 2717 stinguitur.
535 2654 655 2697 Adde
675 2654 785 2707 quod
811 2654 935 2705 paulo
966 2657 1062 2705 post
1082 2651 1309 2706 Chrysippi
1338 2655 1560 2698 formulam
1580 2655 1691 2697 idem

234 2736 376 2787 valere
410 2736 524 2785 dicit.
589 2732 718 2781 Levis
755 2734 959 2785 ejusmodi
997 2734 1104 2779 ratio
1133 2737 1200 2778 est
1229 2737 1273 2777 et
1308 2734 1431 2779 tidem
1471 2734 1691 2786 scriptoris
