1893 3155
691 252 1171 299 *59*

170 412 172 431 ζ
205 375 277 417 tur
314 372 558 424 disciplinae
590 370 779 426 Stoicae,
823 375 859 416 si
899 384 1046 416 severe
1080 373 1352 425 judicandum
1396 374 1477 425 sit,
1521 373 1660 427 manis

207 452 396 493 altitudo.

222 581 224 584 ¹
317 531 428 576 Nam
448 534 625 584 primum
647 535 811 588 qualem
831 544 994 576 morum
1014 526 1272 584 disciplinam
1295 536 1518 584 convenire
1538 537 1659 584 puta-

202 611 340 654 bimus
370 612 408 653 ei
431 613 642 654 doctrinae
662 618 749 664 qua
771 623 912 656 rerum
942 616 1093 655 natura
1123 613 1374 655 informetur
1403 614 1454 654 ad
1476 614 1656 664 speciem

204 693 356 732 mentis
387 693 491 731 miro
522 693 641 732 modo
671 702 746 741 per
766 694 982 735 materiam
1006 693 1126 734 fusae
1146 695 1188 731 et
1215 692 1400 732 mixtae?
1439 691 1657 742 Duplicem

206 771 428 812 convenire
457 772 652 825 arbitror.
703 769 827 814 Mens
858 773 967 814 enim
996 773 1068 812 illa
1096 782 1171 821 per
1200 772 1396 812 mundum
1420 772 1554 813 effusa
1584 774 1658 811 aut
1685 820 1698 828 ,

206 859 256 890 ea
273 850 525 901 cogitabitur
545 852 668 901 cujus
700 851 870 893 immani
901 854 948 893 ut
976 851 1033 893 ita
1055 851 1188 892 dicam
1215 852 1259 893 in
1280 851 1448 892 flumine
1469 851 1657 901 singulo-

201 938 306 973 rum·
323 932 483 972 mentes
506 930 801 980 demergantur
829 933 871 971 et
891 931 1113 980 intereant,
1145 933 1217 972 aut
1238 933 1285 970 ut
1306 931 1367 970 sic
1388 930 1455 970 vel
1476 931 1657 970 maxime

202 1008 480 1052 humanarum
520 1009 721 1051 mentium
760 1010 892 1050 honor
930 1012 973 1049 et
1012 1010 1246 1050 sublimitas
1287 1012 1508 1060 augeatur.
1570 1008 1675 1049 Aut·

205 1087 517 1137 desperabimus
548 1088 776 1137 superioris
804 1088 1014 1138 potentiae
1043 1088 1293 1128 necessitate
1332 1088 1410 1128 toti
1450 1088 1655 1138 obstricti,

204 1169 278 1207 aut
307 1166 472 1207 modum
504 1167 768 1217 egrediemur
796 1168 1092 1217 confidentiae,
1128 1170 1291 1208 nosmet
1320 1167 1434 1216 ipsos
1466 1166 1656 1216 singulos

201 1245 379 1295 singulis
400 1245 481 1286 rati
504 1245 583 1285 (liis
604 1245 816 1295 aequales.
861 1235 1004 1295 'Atque
1036 1247 1158 1287 homo
1179 1244 1346 1287 Stoicus
1367 1245 1532 1296 quidem
1563 1247 1655 1285 tan-

200 1327 289 1367 tum
311 1325 428 1364 abest
448 1328 495 1364 ut
515 1334 561 1364 se
581 1325 699 1364 nihili
721 1328 815 1365 esse
835 1328 952 1374 putet
972 1328 1019 1364 ut
1048 1325 1262 1366 mortalem
1294 1326 1360 1364 sui
1389 1327 1548 1373 partem
1572 1333 1654 1372 quo

203 1404 359 1447 certius
390 1403 505 1443 videt
542 1403 721 1444 satorum
761 1404 1001 1444 necessitati
1040 1404 1260 1443 obnoxiam
1300 1403 1572 1444 immortalem
1605 1413 1655 1442 eo

203 1479 393 1524 altiorem
416 1483 465 1522 ad
487 1482 684 1523 honorem
706 1467 868 1523 evehat.
921 1469 1117 1524 Universi
1139 1485 1316 1537 mentem
1339 1485 1564 1522 veneratus
1583 1492 1654 1521 ve-

203 1565 377 1603 neratur
407 1571 525 1602 suam
555 1563 602 1601 ut
631 1571 753 1610 quam
783 1561 897 1601 illius
933 1564 1092 1611 partem
1131 1562 1533 1610 praestantissimam
1562 1570 1657 1600 esse

201 1650 449 1693 persuasum
470 1641 631 1681 habeat.
684 1637 731 1680 In
762 1640 839 1680 hac
868 1641 939 1681 ille
959 1641 1178 1681 altitudine
1206 1641 1367 1689 positus
1391 1635 1656 1694 αὐταρκείας

200 1721 242 1760 et
268 1719 312 1759 in
345 1729 391 1759 se
419 1719 555 1759 solum
582 1727 810 1759 conversus
843 1718 940 1768 quid
975 1719 1136 1759 tandem
1169 1720 1287 1758 curet
1316 1718 1405 1758 sive
1427 1718 1525 1758 deos
1548 1728 1653 1768 quos

202 1799 315 1838 vires
336 1798 551 1837 naturales
574 1808 666 1836 esse
688 1798 793 1836 sciat
813 1798 903 1837 sive
924 1798 1111 1836 homines
1133 1807 1236 1846 quos
1255 1800 1328 1836 aut
1349 1799 1587 1836 contemnat
1606 1800 1655 1836 ut

202 1877 354 1917 stultos
384 1878 426 1916 et
445 1885 617 1927 prorsus
639 1876 824 1926 abjectos
854 1878 926 1916 aut
947 1878 989 1916 et
1013 1876 1127 1926 ipsos
1157 1876 1199 1916 in
1222 1886 1315 1916 sese
1345 1875 1534 1925 singulos
1555 1885 1653 1915 con-

200 1964 346 1997 versos
369 1964 463 1995 esse
484 1955 653 1996 videat?

314 2032 399 2076 Diu
428 2037 567 2076 autem
589 2035 856 2076 observatum
888 2037 952 2075 est
973 2032 1138 2076 Stoicos
1166 2033 1261 2085 lege
1290 2034 1364 2074 illa
1384 2034 1591 2075 communi
1614 2044 1651 2074 s.

198 2117 264 2172 τῷ
293 2117 430 2171 κοινῷ
468 2111 588 2170 νόμῳ
631 2115 680 2155 ad
715 2124 876 2155 morum
913 2114 1173 2164 disciplinam
1204 2114 1481 2155 deducendam
1520 2125 1656 2164 neque

200 2204 295 2235 esse
315 2204 415 2235 usos
437 2203 569 2243 neque
590 2194 776 2243 potuisse
797 2193 871 2233 uti.
912 2190 1042 2232 Immo
1064 2195 1106 2233 et
1124 2202 1298 2242 prorsus
1318 2203 1491 2233 necesse
1511 2193 1593 2234 suit
1614 2196 1656 2233 et

199 2284 254 2315 ex
286 2284 334 2315 ea
363 2274 412 2313 de
441 2283 522 2322 qua
552 2273 672 2313 modo
699 2272 785 2312 dixi
818 2272 1004 2312 doctrina
1034 2272 1208 2321 physica
1237 2272 1534 2313 convenienter
1563 2272 1653 2312 fieri

198 2353 335 2396 visum
358 2355 423 2393 est
443 2355 490 2393 ut
510 2352 559 2392 ad
580 2352 801 2393 humanam
823 2353 1012 2391 naturam
1036 2330 1329 2400 explorandam
1350 2350 1647 2400 procederent!

198 2430 292 2475 Jam
314 2434 453 2472 autem
481 2441 534 2472 ne
555 2431 648 2481 quis
669 2431 862 2480 opinetur
882 2430 932 2470 de
960 2430 1036 2470 hac
1058 2439 1155 2470 vera
1177 2432 1362 2471 statuere
1381 2439 1505 2480 posse
1525 2430 1650 2470 etiam

200 2522 295 2555 eum
316 2512 388 2562 qui
406 2511 455 2552 de
484 2510 683 2561 universa
710 2519 855 2560 parum
884 2519 983 2551 vera
1012 2509 1229 2560 statuerit3
1262 2519 1285 2549 e
1305 2510 1516 2550 contrario
1537 2510 1650 2549 enim

156 2577 159 2578 ⁷
199 2592 345 2636 eodem
385 2600 526 2632 errore
561 2593 782 2639 utramque
817 2591 977 2638 partem
1005 2589 1195 2629 laborare
1236 2588 1515 2638 reperiemus,
1560 2588 1650 2628 sive

198 2682 295 2716 eum
316 2681 507 2714 manasse
527 2673 690 2713 statuas
712 2679 763 2710 ex
784 2678 832 2709 ea
852 2678 977 2719 quam
998 2668 1047 2709 de
1067 2668 1249 2710 humana
1270 2669 1361 2709 sive
1381 2678 1435 2709 ex
1455 2677 1504 2710 ea
1524 2677 1649 2717 quam

198 2753 254 2796 de.
270 2753 468 2794 universa
488 2753 637 2792 natura
658 2749 890 2800 opinionem
910 2748 1161 2789 induissent.
1196 2746 1397 2798 Equidem
1419 2744 1585 2789 Stoicos
1605 2747 1649 2788 in
