1893 3155
713 264 1192 311 *55*-

221 394 315 426 rum
334 387 568 447 temporum
589 385 726 430 sontes
741 361 940 427 ⁸redirent
959 386 1069 428 unde
1089 395 1190 427 suos
1220 383 1382 426 rivulos
1402 385 1673 427 innutrirent.

145 489 149 502 x
220 463 360 515 Atque
379 462 625 520 Panaetium
647 466 836 516 quidem,
871 466 908 506 si
928 466 1033 506 fides
1059 469 1123 507 est
1151 466 1244 507 loco
1272 469 1359 506 tam
1389 466 1547 517 apertis
1567 465 1677 516 quod

145 531 150 602 ξ
220 544 272 583 ad
301 545 538 593 superiores
567 542 733 593 Stoicos
771 538 927 585 attinet'
950 546 1164 587 erroribus
1203 544 1434 595 laborantI,
1478 540 1676 585 Clemens

146 603 151 672 ἶ
219 621 449 664 Alexandr.
475 626 620 665 strom.
643 622 701 675 ΙΙ,
732 634 773 674 p.
799 621 883 665 116
903 624 1027 682 linem
1054 624 1248 674 posuisse
1268 626 1417 665 auctor
1435 626 1502 664 est
1525 619 1577 673 τὸ
1600 623 1676 680 ζῆν

142 703 144 708 ’
219 699 333 745 κατὰ
362 700 443 753 τὰς
463 699 704 757 δεδομένας
733 698 839 760 ἡμῖν
858 704 935 760 τῆς
955 693 1133 762 φύσεως
1152 698 1375 762 ἀφορμάς,
1406 702 1516 754 quod
1535 700 1673 745 Ritte-

218 792 293 823 rus
313 780 388 834 ΙΗ,
407 771 453 833 p.
476 780 675 842 6837jure
695 782 936 834 ambiguum
957 783 1136 824 vocavit.
1169 780 1327 823 Eadem
1348 782 1587 832 enim,ratio
1607 784 1674 823 est

218 871 341 913 quam
363 863 533 903 ineunte
553 867 589 913 ξ.
606 862 631 903 5
653 871 781 913 quum
799 863 849 902 de
869 863 1050 903 humana
1069 866 1218 903 natura
1232 863 1540 912 disputaremus
1561 872 1673 902 com-

220 942 541 982 memoravimus
579 944 626 982 ut
654 952 800 991 parum
819 934 1041 982 'definitam
1072 945 1115 982 et
1143 945 1324 993 certam3
1367 941 1517 991 quippe
1546 950 1672 991 quam

218 1019 531 1068 relinquendam
564 1022 909 1069 esseappareret
936 1020 1190 1070 simulatque
1220 1020 1270 1059 ad
1301 1019 1599 1070 appetitionum
1631 1022 1673 1059 et

217 1083 395 1139 rationis
425 1100 635 1138 certamen
665 1099 902 1147 respectum
942 1100 1069 1137 esset.
1132 1095 1346 1150 Quantum
1374 1099 1512 1137 autem
1555 1106 1674 1147 prae-

167 1233 172 1238 *
216 1180 333 1218 terea
362 1187 458 1218 cum
485 1177 698 1218 veteribus
729 1174 883 1217 Stoicis
913 1185 1131 1217 commune
1163 1177 1297 1218 fuisse
1336 1176 1575 1227 putabimus
1615 1177 1669 1227 ei,

216 1257 288 1306 qui
318 1259 360 1296 et
380 1257 578 1296 virtutem
608 1256 660 1295 ad
690 1256 810 1295 beate
838 1255 1063 1296 vivendum
1093 1266 1139 1296 se
1160 1258 1398 1308 contentam
1429 1266 1523 1296 esse
1543 1266 1671 1306 nega-

217 1335 326 1376 verit
354 1338 397 1375 et
417 1335 675 1385 voluptatum
705 1343 835 1375 unum
862 1343 997 1384 genus
1028 1335 1224 1376 statuerit
1254 1335 1360 1385 quod
1394 1343 1489 1375 cum
1518 1336 1671 1375 natura

216 1414 485 1453 conveniret?
523 1412 794 1453 Posidonium
815 1422 915 1451 vero
936 1414 1043 1461 quod
1074 1414 1183 1452 idem
1206 1411 1400 1454 Clemens
1421 1413 1669 1462 principium

217 1494 369 1534 fecisse
389 1493 518 1534 tradit
545 1488 596 1534 τὸ
619 1492 693 1549 ζῆν
711 1493 972 1548 θεωροῦντα
992 1477 1080 1549 ’τὴν
1107 1494 1195 1534 τῶν
1217 1489 1331 1534 ὅλων
1352 1486 1574 1549 ἀλήθειαν
1584 1475 1670 1534 ’καὶ

216 1567 361 1624 τάξιν,
399 1571 439 1612 id
469 1571 505 1612 si
534 1581 632 1612 vere
661 1571 859 1612 traditum
891 1572 956 1611 est
982 1570 1117 1612 videri
1146 1571 1309 1622 quidem
1339 1573 1478 1622 potest
1506 1580 1670 1612 omnem

215 1652 516 1700 sententiarum
534 1647 750 1692 Cleanthis
772 1653 814 1690 et
827 1646 1050 1701 Chrysippi
1073 1651 1334 1691 altitudinem
1354 1650 1529 1701 referre,
1548 1650 1599 1690 ab
1620 1661 1670 1690 eo

215 1727 355 1771 tamen
377 1732 531 1774 dictum
553 1740 673 1779 quem
703 1731 747 1770 in
769 1731 920 1770 ceteris
950 1733 1083 1770 totum
1103 1728 1268 1770 Platoni
1299 1733 1340 1770 et
1359 1728 1579 1770 Aristoteli
1600 1731 1669 1770 de-

214 1789 343 1849 ditum
378 1808 510 1848 fuisse
540 1811 718 1849 constet.
736 1809 874 1849 verbis
914 1809 1049 1859 magis
1080 1817 1203 1857 quam
1243 1809 1450 1850 sententia
1478 1807 1667 1851 Stoicum

214 1897 308 1927 esse
328 1886 575 1937 reperiatur.

332 1963 487 2007 Secuta
508 1969 607 2007 sunt
634 1969 820 2017 tempora
840 1967 988 2016 quibus
1010 1967 1079 2016 qui
1101 1967 1332 2017 philosophi
1353 1969 1395 2008 et
1415 1967 1668 2008 haberentur

216 2048 259 2086 et
287 2045 430 2091 haberi
451 2045 608 2086 vellent
637 2046 952 2095 acquiescerent
979 2046 1025 2086 in
1056 2046 1286 2096 aptissimis
1310 2047 1544 2096 quibusque
1573 2056 1668 2088 sen-

213 2124 360 2165 tentiis
380 2124 641 2175 colligendis,
666 2124 954 2175 conciliandis,
988 2125 1040 2164 ad
1059 2125 1172 2165 vitae
1193 2134 1316 2165 usum
1339 2127 1382 2164 et
1402 2126 1669 2166 consuetudi-

213 2214 309 2244 nem
329 2203 599 2252 applicandis.
652 2200 815 2254 Quippe
835 2203 1093 2252 philosophia
1113 2203 1221 2251 quod
1240 2213 1316 2251 pro
1336 2204 1535 2252 antiquae
1554 2207 1669 2244 aeta-

212 2282 268 2323 tis
307 2282 432 2333 genio
472 2291 682 2323 summum
720 2283 933 2333 praestare
968 2288 1212 2322 eoncessum
1243 2281 1324 2323 luit
1363 2282 1405 2322 id
1445 2285 1666 2333 postquam

211 2363 446 2413 praestitit,
488 2362 743 2401 inventionis
779 2362 823 2401 vi
852 2363 894 2400 et
930 2361 1121 2400 ubertate
1155 2362 1290 2410 magis
1318 2362 1537 2411 magisque
1566 2362 1667 2402 defl-

212 2443 349 2484 ciente
362 2472 374 2492 ‚
405 2440 534 2482 cessit
553 2442 626 2481 aut
655 2438 699 2481 in
720 2440 996 2482 eruditionem
1017 2449 1124 2490 quae
1145 2439 1188 2480 in
1210 2440 1442 2491 principum
1462 2440 1666 2498 doctrinis

212 2520 478 2572 explorandis
510 2522 753 2561 versaretur
779 2519 916 2559 autin
937 2519 1205 2569 paraenesin,
1240 2519 1277 2559 si
1307 2519 1366 2560 ita
1385 2528 1537 2560 vocare
1564 2519 1667 2561 licet

212 2610 358 2644 eorum
378 2600 561 2641 studium
582 2599 654 2649 qui
681 2600 857 2649 propter
879 2598 1111 2638 animorum
1139 2607 1384 2649 morumque
1409 2582 1663 2642 emendatio-

211 2692 306 2723 nem
327 2680 624 2732 philosophiam
645 2678 854 2719 foverunt.

325 2758 431 2803 Mihi
464 2759 531 2801 hic
561 2757 838 2800 insistendum
859 2758 974 2809 puto.
1034 2754 1146 2799 Nam
1175 2760 1218 2799 et
1245 2757 1470 2809 genuinam
1502 2750 1689 2801 sectam'
