1893 3155
695 162 831 230 -÷-
887 159 1176 232 ,ig-„c

185 277 435 336 (Maawg.)
455 282 555 349 qum
584 282 639 324 sit
658 282 769 333 quoa
787 291 888 324 vere
914 271 1069 324 nonum
1087 276 1231 339 possit
1250 261 1391 333 metu
1440 273 1684 324 flamm
1699 256 1732 324 ,ἢ

202 360 381 411 galatim
411 362 649 405 describunt
689 362 995 404 adolescentem
1025 365 1068 403 et
1096 371 1172 413 per
1201 363 1345 404 varios
1367 360 1540 413 gradus
1557 358 1668 408 αι’·-
1706 408 1708 410 ,

163 425 166 426 ’
202 441 371 490 gentem
400 436 629 501 rationem3
671 451 921 493 quamquam
952 451 1036 483 non
1063 442 1154 483 sine
1181 450 1231 483 ea
1258 443 1481 487 verborum
1499 428 1661 483 conm-
1693 425 1711 460 J

203 518 322 559 sione
359 522 401 560 et
440 521 685 580 difficultate
724 531 830 571 quae
870 522 1132 571 apertissime
1168 522 1412 572 scriptorem
1461 531 1572 577 cum·
1595 522 1659 563 rei
1700 513 1731 571 ‘-

202 597 455 639 obscuritate
475 603 727 651 pugnantem
749 601 914 653 arguit3
937 591 1051 641 recte
1072 601 1220 641 saltem
1236 599 1479 651 Madvigius
1494 601 1675 651 judicat'

203 673 447 733 Ciceronem
479 679 600 719 officii
630 689 779 720 nomen
800 680 916 730 prius
937 690 1062 730 quam
1092 680 1163 720 ubi
1192 683 1411 729 appareret
1444 665 1667 730 posuisse(

132 791 138 795 .
200 752 315 797 Idem
345 767 434 798 rem
456 758 670 808 explicans
701 760 930 810 „pi-imum,
962 760 1115 811 inquit,
1149 759 1252 800 haec
1274 760 1446 800 selectio
1466 760 1513 800 nt
1533 762 1656 801 natu-

200 835 279 876 rali
307 837 486 886 quodam
515 838 717 878 instinctu
746 841 789 878 et
816 838 972 888 impetu
1003 841 1052 879 ut
1078 839 1122 879 in
1151 839 1315 890 parvis,
1350 838 1497 879 deinde
1526 847 1662 889 quum

172 928 174 930 ’
200 925 443 965 processum
464 917 652 958 nonnihil
672 921 739 958 est
757 918 1009 968 intelligitur
1034 928 1110 958 cur
1130 919 1311 967 quidque
1332 919 1537 968 seligatur
1556 919 1657 968 reji-

200 994 389 1035 ciaturve
420 997 546 1045 atque
577 997 781 1037 statuItur
809 997 870 1036 sic
901 1006 995 1036 esse
1015 996 1237 1046 agendum.
1285 994 1350 1036 Ea
1365 998 1454 1047 jam
1476 999 1541 1036 est
1562 1006 1657 1037 cum

200 1073 331 1113 officio
352 1074 524 1114 selectio
545 1076 668 1125 cujus
689 1076 914 1126 probabilis
934 1075 1042 1116 ratio
1062 1076 1179 1115 reddi
1198 1078 1342 1125 potest.
1356 1075 1403 1126 (l.
1428 1075 1458 1115 l.
1483 1079 1504 1126 ἕ
1524 1074 1655 1130 58).“

198 1150 339 1203 Atque
359 1153 402 1193 hi
423 1153 504 1195 duo
532 1155 718 1204 profecto
747 1155 989 1205 gravissimi
1010 1154 1104 1195 viae
1124 1164 1257 1204 quam-
1275 1154 1344 1194 hic
1364 1155 1657 1204 persequimur

197 1232 356 1283 gradus
377 1235 497 1283 sunt,
532 1243 636 1283 quos
659 1231 807 1275 Cicero
839 1234 881 1274 in
903 1234 1022 1284 plura
1048 1236 1254 1274 momenta
1277 1234 1484 1274 dilatando
1514 1234 1655 1274 minus

198 1311 393 1352 distincte
413 1313 578 1352 extulit.
626 1310 842 1353 Inventam
864 1316 1003 1353 autem
1025 1323 1146 1363 quam
1170 1310 1319 1353 Cicero
1341 1314 1442 1353 dicit
1462 1313 1656 1353 selectio-

198 1400 294 1432 nem
325 1380 577 1442 interpretor
607 1402 689 1433 non
728 1403 823 1433 cum
850 1391 1065 1443 Madvigio
1094 1403 1119 1432 a
1148 1393 1402 1443 philosophis
1441 1393 1655 1433 inventam

197 1472 373 1510 naturae
394 1479 665 1519 progressum
684 1472 1038 1522 investigantibus
1052 1502 1064 1522 ,
1097 1471 1169 1511 sed
1190 1472 1240 1511 ab
1261 1471 1451 1521 homine,
1485 1472 1557 1521 qui
1577 1471 1658 1511 etsi

198 1559 291 1589 eam
311 1549 481 1601 insitam
504 1550 627 1589 habet
648 1553 785 1591 tamen
806 1553 974 1601 postero
995 1551 1158 1591 demum
1189 1550 1329 1600 aliquo
1350 1551 1548 1600 temporis
1570 1560 1654 1590 mo-

197 1631 337 1669 mento
365 1629 526 1669 invenit
546 1630 587 1668 h.
613 1640 647 1668 e.
675 1630 850 1670 scientia
872 1630 1206 1680 comprehendit3
1241 1630 1291 1669 de
1312 1639 1393 1679 qua
1413 1629 1657 1670 inventione

197 1708 390 1748 conferas
417 1708 459 1748 in
480 1708 621 1748 verbis
644 1705 1013 1749 Schleiermacheri
1045 1718 1171 1764 supra
1192 1708 1412 1758 descriptis
1436 1708 1549 1759 „das
1572 1706 1653 1749 Ge-

196 1786 483 1839 fundenhaben
523 1787 595 1826 der
630 1784 863 1827 Freiheit.“
918 1785 1168 1837 Pergentem
1208 1790 1348 1827 autem
1384 1788 1561 1837 jamjam
1601 1787 1653 1827 ad

196 1866 471 1917 principatum
500 1866 634 1916 magis
660 1867 879 1917 magisque
908 1867 1145 1907 ahsolutum
1175 1867 1381 1907 rationem
1411 1868 1473 1907 sic
1503 1864 1655 1908 Cicero

195 1945 486 1997 persequitur:
522 1931 702 1997 „Prima
722 1949 787 1987 est
806 1946 918 1987 enim
938 1945 1175 1987 conciliatio
1196 1946 1377 1988 hominis
1406 1947 1457 1987 ad
1478 1944 1529 1987 ea
1548 1955 1656 1997 quae

197 2025 423 2067 secundum
454 2027 645 2066 naturam
677 2027 791 2070 sunt.
856 2022 990 2067 Simul
1020 2028 1157 2066 autem
1190 2026 1300 2075 cepit
1329 2021 1654 2077 intelligentiam

194 2105 263 2145 vel
302 2105 513 2145 notionem
558 2104 698 2154 potius
739 2113 863 2153 quam
903 2084 1111 2154 appellant
1151 2099 1323 2146 ἔννοιαν
1361 2105 1425 2144 illi
1463 2105 1656 2155 viditque

194 2192 335 2224 rerum
357 2182 613 2232 agendarum
634 2181 819 2222 ordinem
843 2185 885 2222 et
904 2185 952 2223 ut
970 2183 1028 2222 ita
1051 2182 1182 2221 dicam
1204 2182 1490 2235 concordiam:
1517 2183 1653 2223 multo

194 2272 285 2303 eam
313 2262 448 2312 pluris
474 2261 713 2301 aestimavit
733 2271 854 2310 quam
883 2261 1020 2301 omnia
1052 2261 1123 2301 illa
1146 2271 1252 2310 quae
1283 2262 1416 2310 prima
1445 2262 1651 2302 dilexerat

193 2344 318 2393 atque
338 2342 397 2382 ita
418 2340 657 2390 cognitione
677 2342 719 2379 et
748 2340 908 2380 ratione
929 2340 1098 2390 collegit
1129 2342 1176 2380 ut
1198 2342 1402 2380 statueret
1429 2340 1472 2379 in
1493 2350 1542 2380 eo
1563 2340 1648 2381 col-

193 2422 372 2463 locatum
395 2429 601 2461 summum
623 2419 723 2476 illud
746 2419 923 2460 hominis
944 2430 1018 2470 per
1038 2430 1084 2460 se
1113 2420 1365 2460 laudandum
1387 2422 1429 2460 et
1449 2423 1647 2470 expeten-

194 2502 289 2544 dum
312 2502 480 2542 bonum.
533 2496 653 2552 Quod
674 2508 799 2548 quum
831 2499 1012 2549 positum
1043 2499 1100 2539 sit
1128 2499 1173 2539 in
1195 2509 1243 2539 eo
1264 2499 1373 2549 quod
1404 2494 1650 2555 ὁμολογίαν

194 2579 327 2623 Stoici
360 2590 436 2621 nos
467 2578 717 2630 appellemus
747 2579 1079 2618 convenientiam
1109 2578 1146 2617 si
1172 2578 1332 2627 placet:
1366 2587 1492 2628 quum
1516 2578 1648 2628 igitur

192 2662 236 2701 in
264 2670 314 2701 eo
345 2660 401 2701 sit
429 2659 468 2700 id
499 2659 651 2699 honum
682 2667 762 2707 quo
792 2658 930 2698 omnia
956 2656 1174 2699 reserenda
1202 2660 1301 2699 sunt
1330 2657 1503 2698 honeste
1534 2658 1647 2699 facta
