1893 3155
718 285 847 292 ,.,,
928 256 990 302 34
1064 284 1197 292 m-

227 387 457 439 provocant
485 392 590 433 quae
621 380 657 420 si
688 381 804 420 recte
834 379 1145 421 examinaveris
1176 382 1219 422 in
1253 391 1384 423 sensu
1412 381 1621 435 haerent,
1649 383 1695 424 id

227 467 363 508 obiter
391 462 551 504 faciunt
579 461 622 499 et
649 468 672 498 e
704 459 914 499 sententia
942 459 1134 513 vulgari3
1176 471 1305 512 quum
1342 464 1482 503 autem
1512 461 1694 513 philoso-
1722 486 1726 489 -

224 546 398 596 phorum
428 550 545 581 more
565 542 699 590 agunt
728 540 863 590 ipsius
894 540 1086 591 principii
1108 542 1216 592 quod
1246 545 1480 592 posuerunt
1498 542 1693 583 acumine

221 634 309 666 rem
337 623 465 663 altius
495 622 686 671 repetere
707 613 933 670 coguntur.
988 618 1151 674 Quippe
1171 632 1255 662 non
1277 623 1474 663 sufficere
1494 623 1692 664 viderunt

220 704 330 755 quod
361 712 490 744 unum
512 701 580 741 vel
613 701 794 741 alterum
824 701 875 740 ad
897 710 1003 750 quos
1035 704 1189 742 natura
1217 703 1408 743 homines
1428 703 1581 743 invitet
1602 702 1690 743 fere

218 786 381 826 tantum
402 792 477 832 pro
500 780 690 830 exemplo
721 780 989 829 attulissent,
1026 790 1173 821 verum
1193 782 1325 831 ipsam
1349 785 1526 823 naturae
1546 783 1690 823 huma-

219 873 298 904 nae
329 861 622 912 proprietatem
656 869 751 900 esse
772 859 1067 909 quaerendam.
1130 857 1251 913 Quod
1274 870 1402 911 quum
1433 862 1595 902 faciunt
1623 871 1691 902 re-

219 944 329 984 lictis
367 942 462 982 istis
492 950 670 991 quorum
708 942 758 979 et⁴
790 940 910 990 copia
947 942 988 979 et
1030 941 1261 981 auctoritas
1302 941 1523 982 admodum
1565 941 1690 982 dubia

218 1025 385 1073 reperta
417 1024 532 1062 esset
566 1019 828 1070 primordiiS,
873 1020 1000 1060 simul
1031 1023 1205 1070 apparet
1241 1023 1435 1062 naturam
1474 1022 1607 1071 ipsam
1638 1020 1690 1061 ad

219 1103 428 1144 veriorem
457 1103 499 1141 et
520 1100 762 1150 ampliorem
792 1098 1004 1138 notionem
1037 1100 1200 1150 augeri.
1253 1099 1390 1140 Antea
1421 1100 1463 1160 in
1486 1110 1688 1141 sensuum

222 1184 513 1230 obscurorum,
540 1173 768 1220 'caecorum
801 1178 1055 1226 impulsuum
1090 1180 1184 1219 rudi
1207 1190 1330 1229 quam
1354 1190 1480 1229 supra
1504 1181 1689 1220 diximus

221 1262 393 1304 materia
414 1260 636 1309 haerebat,
670 1267 781 1299 nunc
802 1259 937 1297 totum
958 1257 1168 1298 hominem
1191 1259 1497 1310 complectitur,
1526 1261 1687 1310 specta-

220 1346 310 1383 tum
326 1344 374 1382 ut
394 1339 625 1390 philosophi
648 1339 880 1387 loquuntur
902 1337 1151 1387 teleologice
1173 1339 1251 1378 hoc
1273 1341 1338 1378 est
1360 1349 1382 1379 e
1401 1339 1571 1379 notione
1592 1340 1687 1389 ejus

221 1424 269 1464 ad
293 1422 402 1472 quod
423 1423 550 1461 natus
572 1421 653 1470 sit,
687 1429 819 1468 eaque
839 1419 904 1457 vis
927 1421 992 1457 est
1013 1428 1092 1467 qua
1117 1414 1252 1475 φύσις
1272 1419 1368 1458 inde
1389 1420 1440 1459 ab
1456 1418 1688 1464 Aristotele

219 1504 263 1543 in
304 1500 563 1552 philosophia
601 1498 750 1539 valuit.
824 1496 936 1538 Haec
978 1497 1269 1547 complectitur
1318 1498 1389 1538 illa
1429 1498 1593 1548 quidem
1637 1509 1686 1539 ea

223 1580 363 1621 omnia
400 1579 605 1619 elementa
644 1577 892 1626 quibuscum
924 1576 1161 1627 nascimur,
1203 1576 1276 1615 sed
1317 1585 1399 1616 non
1440 1579 1488 1617 ut
1526 1586 1601 1627 per
1640 1582 1687 1617 se

222 1661 348 1709 digna
378 1668 524 1699 verum
554 1660 601 1697 ut
638 1657 687 1696 ad
725 1657 848 1695 tinem
890 1656 1080 1695 altiorem
1121 1656 1502 1705 perfectionemque
1531 1657 1685 1697 virium

219 1738 448 1781 tendentia.
501 1736 639 1778 Antea
667 1734 893 1787 primordia
923 1734 1126 1786 quaedam
1155 1734 1315 1776 incerta
1344 1736 1519 1778 necdum
1549 1736 1683 1778 scien-

216 1819 299 1857 tiae
321 1817 579 1865 rationisque
600 1825 678 1864 ope
701 1815 911 1864 explicata
932 1814 1276 1863 intelligebantur
1291 1815 1482 1864 malaque
1503 1816 1683 1855 exsiste-

215 1899 286 1937 bat
314 1898 425 1937 inter
453 1899 646 1936 naturam
668 1897 709 1934 et
740 1894 944 1934 rationem
975 1893 1204 1944 oppositi03
1238 1905 1349 1934 nunc
1378 1896 1522 1935 eadem
1548 1873 1684 1951 φῦσις

219 1975 345 2016 simul
374 1977 417 2015 et
445 1983 530 2015 uno
552 1984 574 2014 e
596 1975 822 2023 conspectu
850 1972 893 2011 in
928 1981 1020 2011 sese
1052 1971 1239 2012 continet
1266 1981 1394 2022 quum
1422 1983 1472 2014 ea
1502 1973 1682 2024 quaein

221 2054 342 2095 nobis
363 2053 537 2093 serimus
558 2053 700 2091 innata
725 2054 811 2090 tum
833 2059 881 2089 ea
903 2059 1010 2099 quae
1032 2058 1084 2088 ex
1109 2049 1225 2088 hisce
1245 2053 1444 2100 tanquam
1465 2052 1682 2092 elementis

221 2133 360 2181 cultu,
393 2133 556 2181 labore,
597 2131 861 2171 contentione
890 2130 981 2169 fleri
1012 2129 1186 2180 debent;
1221 2130 1397 2180 denique
1425 2134 1473 2172 ut
1502 2132 1681 2181 philoso-

218 2212 392 2264 phorum
422 2210 637 2253 vocabulis
669 2220 755 2252 rem
792 2207 1192 2261 comprehendamus
1232 2210 1412 2252 hominis
1454 2211 1680 2252 essentiam

218 2295 259 2332 et
284 2292 434 2333 ideam.

266 2391 268 2393 ·
331 2370 435 2412 Eam
475 2371 607 2421 igitur
646 2370 809 2420 qualem
851 2367 982 2410 Stoici
1031 2371 1375 2420 informaverint,
1423 2372 1512 2420 jam
1553 2380 1679 2421 expo-

215 2451 394 2492 nendum
426 2453 506 2491 est.
570 2447 664 2502 Quo
703 2448 829 2489 simul
857 2449 1043 2490 redimus
1084 2431 1140 2491 in¹
1170 2450 1430 2501 superiorem
1466 2450 1679 2491 doctrinae

215 2530 521 2571 cohaerentiam
561 2529 756 2580 quoniam
794 2538 921 2579 supra
959 2529 1143 2571 diximus
1180 2530 1258 2570 hoc
1286 2529 1433 2580 quaeri
1464 2529 1587 2580 quale
1626 2529 1678 2569 ad

214 2619 366 2649 munus
399 2619 452 2648 ex
490 2610 677 2648 universi
708 2609 1007 2648 constitutione
1047 2610 1170 2649 homo
1202 2609 1439 2648 destinatus
1480 2618 1575 2647 esse
1615 2609 1677 2647 vi-

214 2689 385 2740 deatur3
437 2689 546 2738 quod
587 2689 623 2728 si
664 2688 871 2728 sustineat
921 2691 1097 2729 naturae
1137 2698 1267 2738 quum
1315 2687 1541 2728 universae
1586 2689 1677 2727 tum

214 2775 314 2807 suae
362 2767 440 2808 hoc
489 2769 555 2808 est
602 2766 809 2808 humanae
858 2767 1157 2809 convenienter
1204 2766 1349 2808 vivere
1390 2764 1486 2806 dici·
1522 2764 1672 2816 possit.
