1893 3155
209 403 276 443 vel
307 403 475 453 singula
504 404 722 442 auctorum
743 402 932 441 veterum
962 399 1202 440 testimonia
1223 398 1359 439 denuo
1389 398 1662 439 examinavit.

210 479 304 533 Quo
326 482 428 521 duce
459 481 494 519 si
523 480 705 519 breviter
725 489 833 528 quae
863 480 1014 519 tradita
1045 481 1145 518 sunt
1172 487 1423 528 percensere
1438 479 1563 527 Juvat
1583 478 1666 528 pri-

210 569 321 599 mum
351 559 608 598 enumeratio
637 555 760 607 Diog.
795 556 939 597 Laert.
973 558 1016 597 in
1050 554 1152 606 VII,
1185 554 1312 596 84et
1349 556 1462 596 omni
1502 557 1666 597 ratione

207 639 321 676 caret
342 639 384 675 et
405 639 488 676 tam
509 637 677 677 turbata
708 639 773 676 est
794 639 842 676 ut
861 646 914 676 ne
935 644 1135 675 numerus
1157 635 1323 684 quidem
1354 636 1537 684 partium
1560 636 1664 675 satis

206 717 415 765 appareat.
469 714 697 765 Aliquanto
719 725 820 755 sane
843 715 1055 755 meliorem
1079 715 1189 754 viam
1220 715 1328 755 idem
1348 714 1392 754 in
1411 714 1502 763 ipsa
1522 723 1664 754 rerum

207 795 466 844 expositione
496 795 708 846 sequitur3
742 795 810 834 cui
833 803 926 833 cum
951 790 1155 833 Cicerone
1187 794 1257 843 (de
1277 794 1349 833 tin.
1373 790 1455 847 ΙΙΙ)
1476 793 1554 833 hoc
1577 793 1666 834 sere

206 882 424 913 commune
446 876 524 923 est,
550 874 657 923 quod
676 883 700 912 a
715 873 847 922 primo
869 873 1055 922 appetitu
1076 872 1125 911 ad
1149 872 1273 911 finem
1294 872 1498 912 honorum
1519 873 1562 911 et
1580 871 1661 911 vir·

204 954 335 991 tutem
356 953 612 1002 pervenitur,
637 955 725 992 tum
748 952 797 991 ad
821 961 962 991 rerum
983 951 1272 1000 differentiam,
1296 954 1508 1000 postremo
1529 950 1582 990 ad
1603 950 1665 989 of-

207 1030 347 1069 ficium
368 1031 585 1081 pergitur,
618 1031 660 1070 in
682 1030 853 1080 reliquis
875 1033 1013 1070 autem
1044 1031 1149 1080 apud
1182 1032 1406 1080 utrumque
1427 1029 1558 1069 multa
1580 1031 1664 1069 tam

207 1108 381 1158 abrupta
409 1109 745 1159 intertexuntur‚
788 1112 835 1149 ut
865 1109 1159 1158 disputationis
1190 1108 1494 1158 progredientis
1523 1107 1594 1147 via
1623 1109 1665 1147 et

208 1188 317 1227 ratio
349 1198 472 1237 saepe
503 1190 779 1229 desideretur.
842 1177 1048 1228 Stohaeu's
1081 1189 1258 1237 denique
1286 1198 1326 1237 p.
1358 1187 1415 1229 90
1440 1187 1663 1227 cohaeren-

207 1266 305 1304 tiam
334 1272 473 1306 rerum
503 1268 670 1316 penitus
701 1267 914 1317 neglexit3
949 1277 1071 1315 quam
1104 1277 1203 1306 vero
1225 1267 1306 1306 alio
1338 1267 1428 1305 loco
1450 1277 1490 1315 p.
1516 1265 1571 1306 48
1601 1266 1661 1305 al*-

207 1344 287 1382 l'ert
310 1344 571 1393 divisionem,
598 1345 927 1384 consentientem
950 1353 1043 1383 cum
1068 1341 1252 1384 Senecae
1282 1353 1346 1392 ep.
1377 1342 1473 1392 120,
1500 1353 1546 1382 ea
1570 1344 1663 1383 dili-

206 1425 355 1471 genter
371 1424 632 1463 considerata
655 1433 735 1462 non
755 1423 1012 1472 disciplinae,
1033 1424 1103 1462 sed
1123 1424 1233 1462 vitae
1251 1422 1421 1462 moralis
1438 1422 1663 1472 descriptio

208 1509 302 1539 esse
323 1501 544 1550 reperitur.
587 1500 665 1541 His
687 1502 819 1551 igitur
840 1501 1030 1541 omnihus
1051 1501 1317 1550 examinatis,
1344 1510 1547 1540 summam
1570 1510 1663 1540 sen-

208 1580 366 1618 tentiae
395 1581 446 1619 ad
475 1590 597 1629 quam
631 1581 869 1629 pervenerit
888 1579 1129 1629 Madvigius
1159 1581 1194 1619 si
1217 1580 1400 1629 quaeris,
1434 1580 1493 1619 ait
1513 1591 1552 1629 p.
1578 1578 1662 1621 839

210 1657 259 1696 de
279 1657 369 1706 ipso
393 1655 644 1708 Chrysippo,
676 1659 806 1698 altero
827 1659 899 1699 illo
921 1660 1134 1699 doctrinae
1155 1660 1383 1709 conditore,
1415 1669 1514 1699 num
1536 1669 1663 1699 unam

207 1737 327 1785 quasi
350 1737 577 1786 legitimam
600 1739 729 1777 totius
752 1737 965 1777 doctrinae
987 1737 1299 1786 dispositionem
1321 1738 1527 1789 hahuerit,
1560 1749 1663 1779 non-

207 1814 308 1853 nihil
338 1825 459 1863 posse
481 1816 684 1866 dubitari,
719 1816 825 1865 apud
849 1825 920 1854 eos
942 1818 1095 1863 autem,
1132 1817 1201 1865 qui
1223 1820 1317 1866 post
1347 1817 1457 1856 hunc
1488 1818 1658 1866 suerint,

205 1894 371 1932 omnino
402 1895 720 1937 rariusl'actum
752 1904 870 1943 esse,
905 1897 952 1934 ut
973 1894 1149 1935 ethicam
1182 1896 1233 1935 ad
1263 1906 1426 1936 summa
1460 1896 1662 1945 principia

205 1980 402 2011 revocare
433 1972 677 2023 studerent,
710 1973 980 2012 nihilominus
1006 1973 1139 2021 ipsam
1169 1975 1382 2013 notionum
1407 1976 1598 2014 naturam
1620 1976 1663 2014 et

206 2050 497 2098 cognationem
521 2060 781 2089 communem
803 2051 1006 2098 quendam
1037 2051 1352 2099 praecipuarum
1383 2053 1565 2100 partium
1595 2061 1662 2090 or-

207 2128 342 2166 dinem
365 2129 553 2168 effecisse
573 2130 730 2178 videri,
767 2130 890 2178 cujus
914 2129 1094 2178 vestigia
1115 2129 1155 2168 in
1178 2129 1230 2168 iis
1252 2139 1358 2178 quae
1379 2130 1489 2169 inter
1508 2127 1664 2179 Dioge-v

205 2216 298 2245 nem
322 2209 364 2246 et
385 2203 626 2248 Ciceronem
651 2208 901 2248 conveniant
922 2208 1036 2248 cerni
1058 2210 1191 2257 putat.
1237 2205 1346 2261 Quid
1369 2208 1476 2258 quod
1495 2207 1662 2258 judices

203 2287 441 2335 gravissimi
472 2284 879 2328 Schleiermacherus
909 2288 937 2327 l.
973 2287 1001 2326 l.
1036 2297 1076 2336 p.
1101 2285 1184 2327 444
1218 2289 1260 2326 et
1290 2297 1330 2336 p.
1363 2285 1448 2327 476
1478 2287 1658 2337 ethicen,

202 2363 390 2405 Ritterus
421 2367 449 2406 l.
486 2367 514 2406 l.
550 2364 648 2416 ΙΙΙ,Ι
665 2378 705 2417 p.
732 2365 817 2407 530
848 2367 974 2420 (edit.
999 2364 1047 2421 Ι)
1082 2366 1207 2406 etiam
1238 2366 1421 2416 reliquas
1448 2366 1662 2406 doctrinae

201 2446 339 2492 partes
360 2455 382 2483 a
405 2443 560 2485 Stoicis
581 2446 689 2485 male
712 2445 936 2495 dispositas
968 2445 1097 2485 l'uisse
1119 2448 1389 2495 censuerunt,
1424 2446 1550 2495 longe
1578 2445 1661 2485 dis-

202 2523 391 2563 cedentes
421 2535 443 2563 a
476 2522 635 2565 Catone
666 2521 942 2565 Ciceroniano
973 2525 1043 2573 qui
1076 2533 1183 2573 quae
1217 2524 1266 2564 de
1303 2509 1375 2565 lln.
1406 2522 1483 2574 ΙΙΙ,
1509 2524 1580 2574 22,
1604 2523 1661 2564 74

200 2601 390 2641 laudibus
421 2603 541 2642 effert
571 2603 854 2643 admirabilem
888 2604 1230 2653 compositionem
1253 2587 1497 2651 disciplinae
1525 2602 1660 2641 incre-

201 2678 448 2730 dibilemque
469 2691 608 2722 rerum
630 2682 831 2732 ordinem,
858 2693 904 2723 ea
927 2683 969 2723 in
992 2683 1124 2733 ipsius
1141 2683 1254 2722 certe
1271 2680 1551 2731 disputatione
1572 2688 1660 2720 cer-

203 2761 358 2798 nuntur
381 2760 563 2800 mininie.
596 2758 880 2801 Nihilominus
903 2760 1214 2811 reprehensioni
1237 2759 1298 2798 illi
1321 2759 1514 2809 quamvis
1536 2767 1659 2808 saepe
