1893 3155
680 241 1161 287 ——20—

195 375 244 404 ac
258 363 435 415 rigidam
457 372 662 413 quamque
680 363 769 412 ipse
789 371 989 412 persaepe
1009 361 1358 414 luculentissimis
1373 363 1514 404 verbis
1534 372 1652 415 prae-

195 444 372 494 dicavit3
398 442 525 482 veluti
547 441 668 491 epist.
689 439 767 483 20:
801 441 1043 492 „sapientia
1066 443 1131 481 est
1152 450 1316 491 semper
1344 442 1453 483 idem
1475 432 1584 483 velle
1604 451 1654 483 ac

194 523 367 573 110113ςιι
399 531 463 570 ep.
487 518 567 561 74:
604 520 777 570 „virtus
809 521 1100 561 convenientia
1131 522 1323 572 constat3
1357 521 1495 561 omnia
1528 530 1654 571 opera

193 604 286 652 ejus
307 610 401 641 cum
433 601 523 650 ipsa
554 600 808 640 concordant
829 603 870 639 et
900 602 1155 650 congruunt.
1183 625 1238 630 -
1268 600 1453 640 Accedat
1483 603 1531 640 ut
1562 590 1652 650 per-

192 681 298 721 fecta
322 680 456 720 virtus
475 679 545 729 sit,
570 679 803 729 aequalitas
821 689 870 720 ac
892 682 1012 720 tenor
1033 678 1145 720 vitae
1165 688 1239 730 per
1258 680 1396 720 omnia
1417 688 1654 721 consonans

193 761 329 800 sibi,“
376 757 508 799 Porro
536 769 600 809 ep.
638 758 718 800 35:
763 760 966 810 „quoties
1007 760 1189 809 experiri
1229 759 1368 809 voles,
1412 769 1464 799 an
1495 757 1653 808 aliquid

192 842 331 880 actum
353 839 423 888 sit,
457 839 632 879 observa
654 849 706 878 an
729 839 872 878 eadem
895 839 999 879 velis
1022 839 1142 879 hodie
1164 849 1271 889 quae
1292 839 1382 879 heri
1398 843 1449 889 ;“
1480 848 1544 888 ep.
1568 835 1650 878 95:

193 926 311 968 „non
334 916 541 967 contingit
562 916 845 967 tranquillitas
874 918 956 958 nisi
985 918 1242 959 immutabile
1271 920 1515 967 certumque
1542 916 1654 967 judi-

194 999 304 1038 cium
326 997 512 1048 adeptis3
545 997 671 1038 ceteri
695 996 891 1038 decidunt
920 998 1096 1038 subinde
1127 1000 1169 1038 et
1200 999 1461 1048 reponuntur
1481 999 1524 1037 et
1543 996 1655 1037 inter

195 1079 350 1118 omissa
379 1077 642 1127 appetitaque
674 1077 946 1118 fluctuantur.
1005 1076 1050 1119 Si
1073 1078 1139 1118 vis
1170 1078 1312 1118 eadem
1342 1086 1506 1127 semper
1525 1075 1650 1126 velle,

193 1167 294 1198 vera
332 1158 494 1207 oportet
533 1156 707 1206 velis;“
755 1166 820 1206 ep.
861 1154 964 1197 120:
1020 1157 1295 1207 „maximum
1336 1156 1542 1206 judicium
1590 1156 1655 1195 est

193 1236 326 1275 malae
356 1235 506 1275 mentis
527 1235 742 1275 fluctuatio
764 1237 806 1274 et
837 1235 948 1275 inter
974 1236 1280 1275 simulationem
1312 1235 1517 1275 virtutum
1539 1243 1651 1274 amo-

192 1324 364 1364 remque
385 1313 582 1354 vitiorum
610 1314 803 1364 jactatio.
830 1339 885 1345 -
915 1312 1116 1364 Magnam
1139 1323 1225 1354 rem
1248 1316 1347 1363 puta
1369 1322 1499 1354 unum
1521 1313 1653 1354 homi·

193 1403 287 1433 nem
317 1397 506 1443 agere;“
539 1403 604 1442 ep.
635 1392 711 1433 31:
748 1394 883 1443 „licet
922 1394 1280 1442 exceptiunculam
1323 1393 1435 1433 illam
1466 1402 1549 1432 non
1582 1393 1654 1432 ad·

191 1472 337 1522 jiciam
358 1474 406 1512 ut
426 1474 588 1513 rectum
619 1473 674 1513 sit
695 1473 803 1523 quod
823 1472 944 1513 velis.
998 1470 1095 1513 Non
1117 1474 1256 1523 potest
1275 1472 1466 1523 cuiquam
1490 1481 1654 1523 semper

195 1551 304 1592 idem
334 1551 498 1601 placere
528 1551 609 1591 nisi
636 1554 854 1592 rectum.“
908 1549 991 1605 Qui
1020 1552 1098 1591 loci
1121 1561 1248 1601 quum
1279 1554 1447 1602 propter
1467 1552 1654 1592 luculen-

196 1634 282 1670 tam
305 1629 525 1670 dictionem
551 1631 665 1680 digni
688 1641 791 1680 quos
813 1633 924 1671 totos
945 1631 1011 1670 hic
1034 1631 1310 1672 describerem
1330 1631 1430 1672 mihi
1450 1632 1532 1672 visi
1554 1634 1655 1672 sunt
1736 1621 1739 1622 ⁷

194 1711 282 1749 tum
314 1709 410 1759 quia
439 1708 563 1750 simul
586 1709 857 1761 disputationi
889 1719 970 1759 quo
996 1710 1085 1760 Jam
1114 1710 1369 1760 pergendum
1400 1711 1456 1751 sit
1486 1710 1653 1751 demon-

193 1790 343 1830 strant.
397 1785 516 1842 Quod
546 1787 656 1828 enim
679 1784 837 1829 Seneca
868 1788 969 1829 dicit
999 1798 1081 1829 non
1109 1798 1232 1839 posse
1263 1790 1457 1840 cuiquam
1490 1799 1655 1842 semper

191 1869 298 1909 idem
321 1869 485 1920 placere
506 1868 587 1909 nisi
604 1870 780 1918 rectum,
806 1868 844 1908 id
864 1869 1089 1918 objectioni
1110 1869 1273 1910 cuidam
1292 1879 1515 1911 occurrere
1535 1880 1653 1922 aper-

193 1951 284 1988 tum
306 1951 387 1996 est,
410 1957 517 1996 quae
542 1956 690 1986 vereor
707 1957 759 1985 ne
780 1947 990 1996 plerisque
1017 1948 1061 1986 in
1091 1948 1164 1987 illo
1195 1944 1559 2003 ὁμολογουμένως
1580 1950 1654 2006 ζῆν

197 2027 239 2067 in
261 2028 455 2076 promptu
476 2026 617 2065 futura
641 2025 711 2065 sit.
746 2022 897 2065 Dicent
917 2025 1050 2065 enim:
1085 2026 1188 2065 bene
1208 2028 1298 2077 est3
1335 2027 1371 2067 si
1393 2028 1654 2069 consentien-

200 2108 264 2145 ter
283 2105 426 2144 vivere
447 2113 655 2144 summum
678 2105 758 2153 est,
784 2103 1117 2153 improbissimus
1139 2105 1315 2154 quisque
1336 2104 1432 2145 dum
1455 2106 1533 2146 sibi
1556 2115 1655 2147 con-

199 2187 282 2223 stet
310 2185 352 2223 in
384 2184 645 2233 improbitate
682 2192 891 2223 summum
930 2183 1122 2232 attinget.
1177 2181 1297 2236 Quod
1329 2185 1409 2224 etsi
1440 2195 1464 2224 a
1493 2179 1658 2226 Seneca

198 2262 422 2314 refutatur,
454 2265 594 2303 tamen
624 2261 664 2302 in
695 2261 785 2312 ipsa
812 2260 1001 2311 principii
1033 2261 1207 2302 formula
1240 2265 1280 2303 et
1303 2262 1541 2305 delinitione
1569 2265 1655 2305 evi-

198 2344 368 2383 tandum
398 2352 493 2382 esse
523 2351 620 2381 mox
657 2341 863 2402 apparuit.
927 2339 1190 2381 Desiderium
1227 2342 1454 2383 sentiretur
1482 2353 1656 2385 necesse

199 2422 279 2463 suit
318 2431 488 2463 normae
520 2420 636 2461 illius
665 2428 772 2469 quae
808 2420 1050 2461 constanter
1077 2419 1295 2461 observata
1326 2421 1655 2465 consentientem

199 2502 349 2541 efficiat
369 2501 498 2541 vitam
521 2499 610 2538 sive
630 2499 709 2538 τοῦ
733 2494 885 2552 λόγου,
918 2508 1037 2548 quem
1060 2501 1282 2541 tenendum
1306 2498 1422 2542 Stob.
1448 2502 1476 2541 1.
1501 2502 1530 2542 l.
1555 2502 1657 2542 dicit

199 2582 354 2622 diserte
376 2578 615 2620 definiendi.
657 2575 852 2617 Accessit
873 2578 1055 2619 definitio
1076 2579 1215 2620 addito
1244 2576 1401 2637 φύσεις
1426 2582 1515 2631 jam
1545 2581 1656 2622 enim

199 2657 330 2716 λόγος
360 2659 430 2700 ille
459 2658 570 2699 unde
602 2657 848 2707 repetendus
878 2658 933 2698 sit
962 2659 1141 2700 dubitari
1179 2668 1261 2700 non
1289 2661 1440 2709 potest.
1491 2656 1656 2701 Conve-

199 2739 362 2779 nienter
391 2739 535 2779 vivere
566 2739 613 2777 ut
643 2739 892 2777 momentum
924 2748 1044 2779 suum
1087 2740 1129 2778 et
1159 2738 1404 2788 dignitatem
1432 2738 1582 2779 habeat
1611 2739 1654 2779 in
