1893 3155
726 235 883 300 .....
956 266 1019 315 23
1093 277 1226 299 -*..

256 387 387 428 tanda
416 387 519 439 (nisi
540 387 618 428 hoc
638 372 857 429 obscurius
879 387 1033 428 dictum
1057 386 1291 440 videbitur)
1323 393 1348 426 a
1367 386 1489 436 parte
1508 382 1719 426 contraria

261 464 341 504 hoc
362 467 428 505 est
447 473 529 506 non
552 467 603 506 ab
625 467 835 508 individuo
851 466 959 517 quod
980 475 1179 506 vocamus
1200 474 1350 526 verumx
1367 465 1418 505 ab
1440 463 1719 505 universitate

261 555 403 586 rerum
430 547 753 595 proficiscuntur
781 556 955 596 eamque
975 555 1057 596 qua
1087 545 1264 595 amplius
1295 545 1399 585 nihil
1426 547 1493 585 est
1522 546 1718 585 naturam

201 636 203 640 ’
262 625 442 676 intelligi
471 625 639 676 volunt,
679 635 841 666 morum
876 625 1134 676 disciplinam
1164 624 1321 666 nullam
1350 635 1444 665 esse
1484 624 1587 674 rati,
1632 622 1716 664 nisi

260 714 367 755 quae
397 715 420 745 e
451 709 627 746 naturae
654 706 866 755 principiis
888 706 1078 745 ducatur.
1140 701 1402 755 Chrysippus
1432 715 1499 754 ap.
1524 702 1639 745 Plut.
1665 704 1715 743 (le
1790 731 1792 733 ψ

260 782 391 825 Stoic.
416 794 503 834 rep.
529 795 566 825 c.
590 784 639 826 92
675 779 726 826 οὗ
749 781 829 841 γάρ
852 782 970 826 ἐστιν
991 777 1137 833 ἄλλως
1166 778 1259 826 οὐδ’
1289 780 1561 840 οἰκειότερον
1582 781 1714 825 ἐπελ-

259 864 364 905 θεῖν
394 861 472 905 ἐπὶ
510 860 587 905 τὸν
614 865 703 905 τῶν
732 858 918 919 ἀγαθῶν
947 861 1025 905 καὶ
1055 866 1203 905 κακῶν
1229 860 1360 919 λόγον
1389 858 1484 905 οὐδ’
1516 859 1595 904 ἐπὶ
1633 858 1715 911 τὰς
1770 857 1779 863 “

260 937 421 998 ἀρετὰς
442 937 534 984 οὐδ’
558 939 637 984 ἐπὶ
668 937 955 996 εὐδαιμονίαν
976 937 1070 985 ἀλλ’
1092 937 1121 1000 ἢ
1141 937 1234 984 ἀπὸ
1254 944 1332 999 τῆς
1361 943 1511 999 κοινῆς
1537 938 1714 1000 φύσεως

259 1018 337 1062 καὶ
374 1016 467 1062 ἀπὸ
505 1022 583 1077 τῆς
610 1023 691 1062 τοῦ
725 1017 892 1074 κόσμου
925 1018 1208 1078 διοικήσεως,·
1247 1024 1290 1061 et
1317 1021 1441 1071 paulo
1471 1023 1589 1060 ante:
1633 1015 1713 1060 οὐκ

261 1096 381 1143 iiam
400 1095 544 1157 εὑρεῖν
563 1101 641 1157 τῆς
661 1095 943 1157 δικαιοσύνης
963 1093 1099 1163 ἄλλην
1119 1096 1254 1157 ἀρχὴν
1274 1094 1371 1141 οὐδ’
1394 1092 1529 1156 ἶίλλην
1549 1096 1714 1155 γένεσιν

257 1174 382 1237 ἢτὴν
412 1177 460 1221 ἐκ
479 1182 561 1221 τοῦ
581 1176 679 1229 διὸς
708 1177 784 1221 καὶ
806 1177 853 1221 ἐκ
883 1181 961 1237 τῆς
981 1165 1169 1238 φύσὲως.
1210 1179 1329 1220 Ande
1351 1176 1442 1221 cic.
1468 1179 1518 1219 ae
1538 1179 1610 1220 nn.
1634 1176 1710 1229 111,

256 1259 330 1311 22,
354 1259 434 1301 732
470 1240 704 1311 „ph’ysicae
732 1270 896 1310 quoquc
925 1270 1008 1301 non
1038 1261 1130 1301 sine
1158 1269 1287 1301 causa
1314 1260 1497 1300 tributus
1519 1262 1585 1300 est
1604 1259 1714 1300 idem

258 1339 413 1381 honos:
447 1342 664 1391 propterea
685 1340 793 1390 quod
824 1340 895 1390 qui
926 1340 1222 1380 convenienter
1248 1342 1424 1380 naturae
1444 1340 1635 1380 victurus
1657 1340 1714 1380 sit

258 1419 297 1459 ei
325 1419 670 1468 proficiscendum
701 1421 767 1459 est
795 1419 846 1458 ab
875 1419 988 1458 omni
1030 1419 1181 1458 mundo
1222 1422 1346 1468 atque
1380 1421 1475 1469 ejus
1516 1428 1714 1468 procura-

257 1498 427 1539 tione.“
479 1497 558 1539 Hic
591 1498 723 1549 igitur
742 1498 942 1549 physicae
962 1498 1082 1549 finis,
1114 1498 1183 1538 hic
1202 1498 1345 1539 eodem
1368 1496 1605 1549 Chrysippo
1626 1498 1657 1538 l.
1680 1498 1710 1538 l.

258 1580 430 1619 auctore
458 1587 587 1629 usuS,
631 1578 738 1628 quod
773 1578 974 1619 honorum
1005 1581 1048 1619 et
1089 1578 1293 1619 malorum
1331 1579 1410 1619 hoc
1450 1581 1517 1619 est
1555 1578 1715 1619 ethicae

258 1658 540 1709 cognitionem
562 1658 726 1699 condat.
897 1638 901 1641 “

373 1736 468 1792 Qua
488 1748 589 1779 vero
608 1739 769 1779 ratione
796 1741 970 1780 naturae
1000 1741 1042 1779 et
1072 1738 1242 1779 virtutis
1268 1739 1472 1790 principia
1492 1741 1576 1780 tam
1597 1741 1714 1780 arcte

257 1819 482 1868 conjuncta
513 1828 607 1858 esse
628 1818 824 1867 doceant,
859 1828 911 1858 ex
933 1828 981 1858 eo
1002 1818 1300 1869 perspicietur,
1335 1817 1444 1868 quod
1466 1819 1517 1859 de
1535 1822 1713 1860 naturae

235 1898 388 1947 ipsius
426 1898 467 1937 vi
501 1899 543 1937 et
572 1897 775 1947 dignitate
805 1898 1052 1948 statuerint3
1093 1898 1201 1947 quod
1232 1897 1518 1939 demonstrare
1547 1899 1713 1949 quidem

256 1976 337 2017 huc
359 1986 442 2017 non
463 1976 666 2027 pertinet,
701 1976 892 2026 attigisse
912 1976 1177 2026 pertinuerit.

370 2054 605 2097 Maximum
636 2059 775 2097 autem
798 2059 841 2096 et
870 2056 995 2097 simul
1024 2057 1260 2097 contrariae
1280 2055 1452 2108 Epicuri
1479 2059 1619 2098 sectae
1639 2058 1714 2098 im-

255 2136 401 2188 primis
414 2137 646 2187 oppositum
664 2136 740 2176 hoc
755 2138 834 2186 est,
859 2138 1050 2177 naturam
1063 2122 1220 2179 Stoicis
1239 2137 1370 2178 videri
1386 2138 1551 2188 plenam
1568 2147 1711 2189 sensu,

201 2238 205 2241 «
254 2216 420 2265 plenam
440 2215 617 2263 ratione,
636 2215 800 2264 plenam
820 2215 1053 2254 divinitate.
1088 2214 1361 2256 Gravissimis
1378 2216 1519 2256 verbis
1535 2217 1716 2257 efferunt

256 2296 382 2336 unius
398 2295 549 2335 mentis
570 2304 644 2344 per
660 2294 896 2335 universam
916 2295 1114 2335 materiae
1131 2295 1482 2335 continuationem
1501 2295 1713 2345 pertinen-

254 2375 311 2415 tis
328 2376 370 2414 et
384 2377 580 2424 tanquam
600 2373 757 2414 effusae
777 2373 818 2414 vi
840 2376 881 2414 et
898 2376 1102 2424 potestate
1122 2383 1262 2415 rerum
1279 2373 1596 2414 universitatem
1613 2384 1712 2415 con-

254 2453 393 2493 tineri.
444 2450 529 2491 Per
554 2462 716 2491 omnem
747 2453 945 2491 mundum
966 2453 1213 2502 principium
1244 2463 1375 2502 agens
1404 2462 1498 2492 cum
1530 2454 1713 2502 patiente

256 2533 346 2573 sive
376 2531 483 2572 ratio
504 2541 596 2572 cum
628 2531 802 2572 materia
831 2531 1066 2572 arctissime
1097 2532 1347 2584 conjuncta3
1382 2531 1567 2583 deusque
1596 2533 1739 2584 viget,

256 2612 305 2654 inv
320 2613 493 2662 natura,
528 2610 634 2652 idem
656 2610 903 2662 cogitandus
933 2610 970 2650 si
997 2611 1172 2653 materia
1202 2612 1450 2662 respiciatur
1477 2612 1589 2663 ignis
1610 2613 1713 2653 arti-

258 2691 453 2739 ssciosuS‚
498 2691 534 2729 si
575 2700 717 2740 mens,
761 2689 1044 2740 providentia;
1088 2692 1153 2731 sin
1193 2692 1284 2740 ipsa
1323 2692 1543 2740 utriusque
1582 2693 1714 2741 partis

256 2771 561 2822 coagmentatio
583 2774 626 2810 et
646 2769 871 2820 copulatio,
908 2768 1039 2810 latum
1060 2770 1103 2810 et
1123 2769 1368 2810 necessitas.
1420 2769 1486 2812 Ad
1507 2770 1585 2813 hos
1606 2772 1715 2814 enim
