1893 3155
727 245 858 252 -.-
935 218 1206 265 32—-

238 342 398 386 Seneca
421 343 451 384 l.
475 343 504 383 l.
530 341 692 382 dedisse
722 340 844 381 nobis
872 341 1065 380 naturam
1088 350 1196 390 quae
1228 341 1264 380 si
1287 349 1370 381 non
1391 338 1701 381 deseruerimus

236 434 359 475 pares
379 423 454 464 deo
475 430 652 471 surgere
673 429 922 462 concessum
949 421 1020 462 sit.
1075 418 1199 471 Apud
1222 416 1448 463 Stobaeum
1479 421 1701 471 postquam

235 503 413 542 virtutes
434 499 686 550 principales
708 510 803 541 cum
837 510 915 542 suo
937 510 1127 550 quaeque
1147 510 1292 540 earum
1313 509 1421 550 quae
1441 500 1614 541 secundi
1634 508 1701 542 or·

237 580 345 621 dinis
375 579 583 620 habentur
612 580 781 630 agmine
811 580 1008 622 delinitae
1039 583 1163 631 sunt,
1209 580 1270 621 sic
1298 579 1491 631 pergitur
1520 589 1561 630 p.
1589 576 1696 621 108:

233 660 379 701 harum
402 659 586 700 omnium
609 659 734 700 linem
755 669 850 701 esse
871 660 1100 701 secundum
1123 662 1317 701 naturam
1338 659 1496 711 vivere,
1526 658 1568 699 id
1591 657 1702 698 enim

233 741 466 781 virtutibus
496 740 686 779 homines
717 722 910 791 assequi.;
954 736 1069 791 ἔχειν
1100 736 1181 795 γὰρ
1212 735 1424 796 ἀφορμὰς
1460 736 1587 795 παρὰ
1625 739 1703 795 τῆς

236 815 413 878 φύσεως
443 815 520 860 καὶ
540 814 657 875 πρὸς
683 814 760 876 τὴν
779 820 861 861 τοῦ
880 814 1161 876 καθήκοντος
1180 814 1352 875 εὕρεσιν
1379 815 1457 860 καὶ
1483 814 1599 875 πρὸς
1624 813 1702 875 τὴν

234 900 323 941 τῶν
344 894 493 955 ὁρμῶν
514 891 786 940 εὐστάθειαν
804 895 882 940 καὶ
902 894 1018 954 πρὸς
1037 893 1118 947 τὰς
1136 892 1370 952 ὑπομονὰς
1389 894 1467 939 καὶ
1487 892 1603 953 πρὸς
1621 892 1702 945 τὰς

237 973 538 1036 ἄπονεμήσεις
564 973 679 1019 κατὰ
708 974 767 1020 τὸ.
783 974 1048 1035 σύμφωνονς
1080 978 1231 1028 quibus
1252 986 1502 1028 quamquam
1528 976 1657 1017 verba
1679 985 1702 1016 e

239 1057 477 1101 Stoicorum
498 1060 546 1098 ut
565 1058 733 1098 videtur
754 1058 915 1098 dicendi
937 1067 1053 1098 more
1075 1068 1183 1098 nova
1199 1060 1242 1098 et
1261 1067 1391 1108 paene
1411 1056 1581 1098 insolita
1601 1058 1703 1097 sunt

238 1141 377 1179 tamen
400 1140 582 1188 quatuor
602 1139 783 1178 virtutes
815 1147 1001 1191 summas
1033 1133 1259 1195 φρόνησιν,
1292 1132 1593 1195 σωφροσύνην,
1625 1130 1701 1177 οἷν-

238 1213 402 1275 δρείαν,
427 1213 710 1274 δικαιοσύνην
731 1217 961 1267 significari
983 1217 1088 1259 satis
1110 1219 1300 1267 apertum
1321 1219 1401 1257 est.
1449 1214 1570 1270 Quod
1592 1215 1701 1255 idem

237 1298 420 1339 breviter
447 1308 487 1347 p.
517 1294 622 1336 116:
658 1292 831 1345 πάντας
861 1291 1135 1351 ἀνθρώπους
1165 1290 1377 1353 ἀφορμὰς
1404 1291 1519 1348 ἔχειν
1549 1292 1597 1336 ἐκ
1624 1295 1703 1352 τῆς

239 1374 414 1435 φύσεως
441 1372 556 1432 πρὸς
586 1370 756 1432 ἀρετήν.
816 1374 906 1416 Hae
939 1370 1153 1433 ’ἀφορμαὶ
1194 1377 1292 1415 sunt
1320 1375 1592 1415 incitamenta
1634 1373 1703 1414 vel

238 1456 544 1507 ,‚Antriebe;“
577 1457 723 1506 (quum
755 1455 861 1495 alias
890 1454 999 1494 idem
1020 1454 1271 1495 vocabulum
1300 1454 1510 1504 significet
1531 1463 1702 1494 sensum

240 1536 500 1587 repudiantis
521 1534 652 1575 veluti
672 1532 798 1585 Diog.
823 1532 967 1575 Laert.
992 1532 1090 1584 Vll,
1116 1532 1224 1575 104:
1264 1527 1496 1591 ἀδιάφορα
1516 1529 1572 1575 τὰ
1591 1529 1702 1590 μήτε

243 1611 382 1672 ὁρμῆς
410 1611 521 1672 μήτε
551 1607 759 1671 ἀφορμῆς
785 1609 1009 1671 κινητικά,
1051 1616 1093 1653 et
1122 1610 1238 1655 Stoi».
1273 1623 1313 1663 p.
1352 1612 1475 1666 142).
1539 1610 1700 1654 Seneca

239 1705 304 1744 ep.
330 1693 410 1735 50:
450 1694 624 1744 „vinus
658 1694 888 1733 secundum
918 1696 1111 1732 naturam
1135 1696 1226 1742 est,
1260 1693 1364 1732 vitia
1385 1693 1554 1732 inimica
1576 1695 1618 1732 et
1637 1693 1701 1732 in-

238 1775 346 1816 festa
368 1775 467 1815 sunt
490 1797 539 1803 —
563 1771 669 1813 nulli
691 1781 768 1812 nos
788 1771 891 1812 vltio
915 1774 1065 1813 natura
1087 1772 1294 1822 conciliat,
1321 1781 1398 1812 nos
1419 1771 1492 1813 illa
1511 1772 1702 1823 integros

237 1856 474 1903 liberosque
494 1853 676 1903 genuit“
701 1854 742 1891 et
763 1852 813 1891 de
834 1852 897 1892 ira
918 1850 975 1902 ΙΙ,
1003 1851 1079 1893 13:
1115 1853 1409 1903 „sanabilibus
1432 1854 1702 1903 aegrotamus

239 1933 363 1974 malis
393 1934 568 1982 ipsaque
589 1941 665 1971 nos
695 1932 739 1971 in
760 1934 921 1971 rectum
944 1932 1109 1980 genitos
1134 1934 1285 1972 natura
1308 1932 1343 1971 si
1363 1932 1576 1972 emendari
1597 1931 1702 1972 veli·

239 2020 336 2052 mus
352 2012 530 2060 juvat.“
567 2007 726 2048 Eodem
748 2009 977 2058 pertineret
997 2009 1033 2048 si
1055 2011 1168 2048 recte
1189 2009 1360 2049 haberet
1381 2010 1489 2058 quod
1510 2008 1702 2050 Ritterus

241 2086 304 2130 111
330 2099 371 2139 p.
397 2086 482 2130 618
513 2097 535 2127 e
564 2084 677 2128 Plut.
711 2087 760 2127 de
792 2083 923 2128 Stoic.
960 2097 1048 2138 rep.
1083 2098 1119 2128 c.
1157 2086 1205 2129 17
1237 2087 1382 2136 affert,
1418 2085 1702 2139 Chrysippum

240 2170 368 2210 vitam
398 2168 616 2208 honestam
646 2167 840 2217 posuisse
861 2168 903 2207 in
926 2177 990 2218 eo,
1023 2170 1071 2207 ut
1092 2168 1336 2208 conveniret
1357 2176 1452 2208 cum
1472 2168 1630 2209 innatis
1651 2168 1702 2208 de

239 2250 347 2289 bono
377 2251 419 2288 et
450 2247 560 2288 malo
590 2246 781 2297 judiciis.
849 2245 977 2288 Nunc
1008 2247 1080 2287 ille
1111 2247 1140 2287 l.
1165 2247 1195 2287 l.
1230 2247 1334 2288 nihil
1364 2247 1502 2289 dicere
1532 2247 1703 2290 videtur

238 2331 527 2380 praeterquam
557 2337 675 2368 suam
699 2327 749 2368 (le
771 2327 890 2368 bonis
912 2329 954 2368 et
974 2327 1097 2368 malis
1119 2327 1349 2368 doctrinam
1372 2327 1526 2378 optime
1547 2338 1699 2370 conve-

238 2409 327 2449 nire
348 2417 443 2447 cum
463 2407 565 2456 ταῖς
586 2403 807 2464 ἕμφυταῖς
826 2403 1085 2464 προλήψεσι
1097 2424 1112 2459 ‚·
1130 2416 1308 2457 quarum
1329 2408 1576 2449 assensione
1588 2405 1701 2449 Stoi-

237 2498 309 2528 cos
330 2486 498 2528 omnino
520 2486 752 2527 doctrinam
775 2497 894 2528 suam
916 2487 1207 2532 commendare
1238 2486 1453 2529 studuisse
1475 2487 1581 2528 satis
1601 2496 1701 2528 con-

238 2569 337 2607 stat.
394 2562 453 2607 Ut
481 2567 617 2605 autem
640 2562 895 2625 προλήψεις
913 2567 1129 2618 scientiae,
1160 2567 1220 2607 ita
1241 2561 1449 2625 ἀφορμαὶ
1466 2565 1700 2605 voluntatis

239 2649 352 2687 sunt.
405 2643 474 2684 Ex
495 2645 640 2684 iisdem
658 2648 746 2694 jam
770 2647 964 2697 deinceps
984 2648 1184 2698 igniculis
1207 2657 1290 2686 non
1313 2646 1540 2685 demerunt
1559 2645 1699 2684 officia

240 2728 404 2780 singula
422 2733 529 2779 quae
546 2723 664 2764 nullo
680 2724 813 2765 medio
835 2726 1084 2778 interposito
1108 2725 1327 2778 aptissime
1348 2724 1444 2766 duci
1456 2723 1701 2765 viderentur
