1893 3155
704 191 1181 255 ——43-4-

203 326 377 381 *iegibus
407 327 730 378 obtemperante.
782 326 1066 370 Nihilominus
1096 328 1262 371 etiamsi
1291 330 1339 370 ut
1359 325 1577 381 Diogenes
1608 328 1672 369 ra-

212 415 308 446 cere
328 393 495 448 videtur
515 409 650 449 status
671 408 946 449 conservandi
967 409 1149 450 studium
1170 409 1359 460 ampliori
1389 417 1519 449 sensu
1539 408 1669 448 inter-

211 487 491 534 pretemurut
509 488 552 528 id
572 498 655 529 non
680 488 959 538 abjiciendum
981 498 1074 529 esse
1094 492 1261 539 postero
1282 484 1459 538 quodam
1480 491 1670 538 tempore

212 563 284 603 sed
304 564 443 614 potius
464 567 640 607 rationis
660 567 937 617 principatum
957 557 1011 607 ex
1032 567 1149 607 odem
1182 567 1321 608 studio
1343 568 1513 608 ductum
1533 569 1576 606 et
1596 566 1667 606 de-

150 644 157 648 ‘
209 642 392 684 rivatum
421 648 679 696 statuamus,
721 646 763 685 id
794 646 937 685 eodem
965 647 1140 697 redibit3
1173 648 1369 695 quoniam
1402 647 1446 686 in
1473 646 1556 686 illa-
1574 646 1666 695 ipsa

211 723 509 765 constitutione
528 725 596 765 vel
624 721 832 768 συστάσει
860 726 1096 767 hominibus
1125 726 1291 777 propria
1312 735 1406 767 eum
1434 725 1571 766 locum
1592 725 1664 765 ob-

209 802 359 844 tinebit
387 805 494 844 ratio
524 808 572 845 ut
591 805 852 846 humiliorem
885 789 1000 846 illam
1031 802 1168 864 ὁρμὴν
1196 807 1240 846 in
1261 807 1452 847 omnibus
1473 805 1664 846 animali-

208 883 286 923 bus
315 883 527 933 vigentem
556 887 598 924 et
635 885 821 934 corporis
852 887 1014 926 tantum
1055 886 1363 926 commodorum
1402 887 1664 935 appetentem

207 960 333 1011 longe
361 961 592 1013 relinquat3
637 963 785 1013 quippe
816 972 922 1013 quae
951 964 1045 1013 ejus
1073 964 1383 1005 constitutionis
1414 973 1497 1004 non
1527 963 1663 1004 solum

208 1050 307 1089 pars
328 1041 384 1080 sit
405 1042 766 1090 praestantissima
786 1051 933 1082 verum
953 1043 1044 1091 ipsa
1071 1043 1301 1092 proprietas
1328 1045 1371 1082 et
1388 1042 1521 1082 honor
1541 1051 1665 1091 pecu-

209 1118 349 1161 liaris.·
393 1119 546 1160 Annon
576 1120 700 1160 etiam
724 1116 940 1161 Ciceronis
967 1121 1009 1161 in
1031 1121 1292 1171 expositione
1313 1121 1503 1171 quamvis
1523 1120 1665 1170 gravi-

206 1201 273 1239 ter
301 1199 504 1239 maturior
530 1201 647 1240 aetas
678 1209 804 1249 supra
833 1201 1097 1241 immaturam
1126 1200 1324 1240 efferatur
1343 1202 1489 1240 <tamen
1521 1201 1563 1239 et
1590 1199 1663 1239 ho—

206 1281 327 1318 nesta
355 1279 464 1318 actio
495 1279 722 1319 secundum
754 1282 944 1320 naturam
972 1290 1065 1320 esse
1096 1282 1138 1320 et
1166 1280 1371 1329 sapientia
1402 1290 1426 1319 a
1446 1278 1663 1328 principiis

207 1359 383 1398 naturae
412 1358 620 1407 proficisci
642 1358 821 1398 dicitur?
855 1355 913 1398 Ut
932 1358 1056 1407 paulo
1079 1359 1267 1398 severius
1290 1358 1339 1398 de
1360 1358 1518 1408 primae
1538 1367 1661 1408 appe-

190 1421 367 1476 *titionis
390 1436 591 1485 dignitate
609 1437 823 1485 judicasse
842 1437 1065 1477 videantur
1085 1439 1126 1476 et
1146 1435 1335 1486 Madvig.
1360 1437 1409 1476 ad
1433 1441 1469 1486 g.
1494 1420 1567 1486 21,
1590 1436 1663 1476 ubi

204 1515 409 1556 transitus
431 1515 680 1556 describitur
699 1515 750 1555 ad
766 1516 1081 1556 convenientiae
1101 1516 1372 1566 intellectum,
1397 1525 1525 1565 quum
1548 1514 1660 1565 „sie‚

204 1594 364 1644 inquit,
399 1604 569 1635 caecum
600 1595 798 1645 impetum
827 1595 950 1645 primi
980 1595 1095 1636 illius
1116 1596 1323 1645 appetitus
1352 1597 1395 1634 et
1420 1595 1576 1634 amoris
1598 1594 1664 1634 sui

205 1673 452 1713 omittebant
472 1674 542 1722 qui
573 1674 836 1723 singulorum
869 1674 1094 1714 commodis
1125 1676 1318 1714 recturus
1340 1673 1593 1713 videbatur“
1620 1675 1663 1712 et
1685 1704 1687 1707 ⁴

203 1750 396 1792 Ritterus
423 1749 509 1801 III,
543 1761 583 1801 p.
608 1750 716 1792 624:
757 1750 853 1802 „Es
893 1754 1054 1792 musste
1093 1753 1169 1792 aur
1196 1752 1309 1791 diese
1338 1749 1491 1792 Weise
1524 1753 1660 1791 etwas

204 1828 518 1881 Selhsiichtiges
548 1832 591 1871 in
622 1832 712 1872 ihre
743 1830 878 1872 Lehre
906 1831 1163 1883 kommen;“
1204 1831 1374 1871 minime
1414 1831 1524 1871 enim
1557 1839 1660 1870 sane

203 1911 359 1953 ille-sui
382 1912 658 1952 conservandi
679 1913 884 1962 appetitus
905 1911 1241 1962 intelligipotuit
1261 1920 1416 1961 pravus
1438 1919 1553 1951 amor
1574 1910 1656 1961 sui,

205 1993 365 2043 „atrox
385 1969 632 2042 tyrannus“
664 1993 729 2045 (ut
755 1993 821 2032 est
841 1990 948 2042 apud
970 1993 1132 2041 poetam
1160 1990 1386 2044 quendam)
1416 1992 1459 2031 et
1478 1989 1661 2030 omnium

129 2117 133 2120 ,
203 2071 401 2112 vitiorum
433 2074 623 2121 creator,
656 2081 739 2111 non
761 2072 870 2111 enim
899 2072 936 2110 is
957 2074 1022 2110 est
1043 2080 1123 2119 quo
1150 2070 1228 2109 sibi
1250 2070 1425 2119 quisque
1446 2069 1661 2109 commoda

203 2160 327 2199 quam
359 2150 541 2189 maxima
569 2149 798 2198 adsciscat,
831 2150 981 2189 ceteris
1014 2148 1223 2197 invideat,
1258 2148 1330 2187 sed
1361 2157 1444 2196 quo
1464 2151 1659 2188 naturam

202 2238 321 2270 suam
351 2230 393 2269 et
420 2227 782 2279 constitutionem,
825 2227 995 2268 candem
1028 2226 1141 2267 illam
1173 2226 1216 2266 in
1246 2226 1437 2267 omnibus
1467 2227 1654 2280 insitam,

201 2310 397 2360 tueatur,
431 2308 501 2358 qui
530 2310 578 2348 ut
607 2310 720 2348 recte
748 2308 807 2348 ait
835 2305 1241 2348 Schleiermaclierus
1270 2305 1348 2345 etsi
1378 2315 1461 2346 non
1488 2309 1554 2347 est
1583 2307 1657 2348 ho-

200 2391 347 2430 nestus
377 2391 514 2446 tamen
546 2398 627 2428 non
649 2390 714 2428 est
734 2387 995 2437 inhonestus.
1051 2383 1149 2427 Sive
1179 2386 1311 2435 igitur
1331 2386 1506 2427 rationis
1527 2387 1593 2427 vis
1615 2391 1657 2428 et

201 2469 382 2518 dignitas
414 2478 465 2507 ex
505 2468 595 2517 ipso
623 2467 873 2517 generaliori
914 2466 980 2505 sui
1010 2464 1284 2504 conservandi
1313 2464 1448 2505 officio
1477 2466 1657 2507 ducatur

201 2550 290 2590 sive
311 2551 359 2590 ut
379 2558 485 2589 nova
509 2548 685 2589 facultas
707 2550 749 2587 et
769 2547 890 2596 quasi
912 2546 1110 2586 divinitus
1139 2545 1182 2585 in
1203 2545 1382 2586 hominis
1403 2546 1540 2586 animo
1562 2557 1656 2588 sur-

199 2637 301 2679 gere
322 2630 363 2668 et
383 2627 657 2679 principatum
679 2626 863 2666 obtinere
884 2624 1156 2682 informetur,
1191 2623 1280 2663 sive
1300 2623 1477 2675 denique
1498 2627 1546 2666 ut
1566 2635 1656 2667 rem

200 2708 327 2748 simili
348 2717 641 2757 componamus
662 2706 791 2747 veluti
811 2704 974 2755 Jupiter
994 2715 1016 2744 e
1039 2701 1223 2745 Saturno
1252 2704 1422 2754 genitus
1446 2706 1581 2754 ipsum
1605 2707 1658 2746 aii
