1893 3155
81 1076 181 1111 XNX.

633 171 1189 241 ‘--33—-

217 318 375 359 veluti
372 327 449 369 ap.
482 283 605 368 Diog.
643 315 1029 369 Laert.V11,120
1054 319 1200 359 dicunt
1227 318 1469 359 hominibus
1496 315 1575 376 τὴν
1603 333 1683 377 φι-

223 393 489 454 λοστοργίαν
510 394 699 455 φυσικὴν
719 390 861 450 εἶναι,·
892 408 972 448 qua
995 399 1045 439 de
1063 409 1113 440 re
1133 399 1295 440 multus
1314 399 1397 440 suit
1417 395 1509 449 Cic.
1534 398 1586 439 de
1606 399 1677 440 flu.

222 474 300 528 ΙΙΙ,
327 475 380 520 19
410 479 452 517 et
473 486 574 527 squ.
598 487 730 527 quum
761 478 984 528 praecipue
1012 488 1061 519 ea
1089 479 1230 519 officia
1251 488 1358 529 quae
1387 479 1438 519 ad
1465 478 1682 520 hominum

221 558 561 608 conjunctionem
580 561 623 598 et
643 558 1013 608 congregationem
1034 559 1245 608 pertinent
1264 569 1287 599 e
1304 562 1480 600 naturae
1499 537 1679 609 quodam

221 637 405 689 impulsu
426 637 571 689 duxit3
604 647 854 691 quamquam
876 647 925 679 ea
945 637 1172 689 disputatio
1193 648 1318 689 quam
1337 621 1489 680 leviter
1508 641 1551 680 et
1571 638 1681 680 male

220 719 416 767 tanquam
438 711 572 756 obiter
592 717 755 767 adjecta
770 717 990 757 cohaereat
1010 726 1106 757 cum
1128 719 1387 758 antecedenti
1408 719 1565 758 ethices
1586 719 1679 759 uni-

221 805 370 837 versae
400 796 661 846 expositione
690 807 713 837 e
742 797 925 838 transitu
956 797 1164 848 cernitur,
1207 808 1329 848 quem
1361 798 1463 839 facit
1502 807 1678 848 prorsus

221 875 385 916 futilem
421 876 555 915 hunc:
591 876 837 925 „pertinere
873 878 1012 916 autem
1042 877 1092 916 ad
1124 881 1211 917 rem
1239 878 1500 921 arbitrantur
1527 880 1679 918 natura

221 953 312 995 fleri
334 956 382 994 ut
400 953 520 994 liberi
542 964 565 994 a
587 954 829 1004 parentibus
851 957 1098 998 amenturss

337 1030 473 1086 Quam
493 1042 595 1073 vero
628 1033 832 1073 orationis
854 1030 1157 1073 Ciceronianae
1183 1036 1376 1089 notamus
1398 1033 1610 1074 levitatem
1631 1044 1680 1074 ea

220 1122 368 1154 revera
389 1113 522 1163 ipsius
544 1113 779 1153 sententiae
799 1114 880 1153 est.
927 1110 1095 1152 Etenim
1126 1112 1488 1153 incitamentorum
1511 1113 1678 1154 illorum

219 1193 371 1243 quibus
401 1192 656 1242 impellimur
688 1195 730 1232 et
750 1192 941 1233 ducimur
972 1194 1020 1232 ut
1048 1193 1169 1241 ajunt
1197 1195 1348 1232 natura
1376 1192 1454 1232 hoc
1476 1195 1542 1233 est
1561 1195 1679 1233 ante-

218 1280 344 1322 quam
383 1272 492 1312 ratio
523 1275 566 1311 et
600 1272 775 1312 scientia
815 1272 1067 1321 accesserit,
1111 1272 1319 1311 neminem
1351 1271 1500 1321 fugere
1539 1274 1680 1322 potest

220 1360 344 1400 quam
374 1351 575 1404 ambigua
600 1351 656 1390 sit
676 1350 712 1390 si
735 1350 972 1390 accuratius
995 1351 1259 1390 examinetur
1279 1351 1344 1390 vis
1365 1353 1407 1391 et
1425 1351 1674 1391 auctoritas.

220 1429 375 1469 Annon
395 1429 432 1469 si
454 1431 555 1469 sunt
574 1429 778 1468 virtutum
809 1428 983 1478 igniculi
1010 1429 1136 1469 etiam
1167 1429 1376 1469 contraria
1396 1429 1596 1469 vitiorum
1616 1429 1679 1468 in-

219 1508 449 1548 vitamenta
477 1508 520 1548 in
549 1508 691 1548 eadem
724 1511 875 1548 natura
903 1508 981 1548 hoc
1015 1511 1081 1548 est
1108 1508 1202 1549 rudi
1232 1508 1303 1548 illa
1334 1517 1513 1557 quacum
1543 1508 1681 1548 nasci-

219 1596 315 1628 mur
343 1586 574 1628 voluntatis
607 1587 781 1628 materia
811 1588 1018 1629 contineri
1048 1587 1328 1628 confitendum
1359 1587 1467 1628 erit?
1496 1584 1681 1628 Lubrica

219 1667 353 1716 igitur
380 1667 470 1706 sine
492 1666 615 1706 dubio
646 1667 716 1711 via
746 1667 796 1705 ad
819 1667 1016 1706 virtutem
1038 1667 1308 1716 pergentibus
1337 1667 1379 1705 in
1401 1675 1483 1715 qua
1504 1666 1679 1706 consisti

219 1756 302 1787 non
323 1755 447 1797 posse
467 1743 599 1787 Stoici
621 1748 663 1786 et
682 1745 761 1795 ipsi
784 1748 1021 1787 senserunt.
1076 1742 1286 1787 Convenit
1316 1747 1456 1795 autem
1477 1744 1566 1786 fere
1594 1745 1677 1786 ista

219 1824 428 1865 sententia
458 1833 553 1864 cum
585 1834 634 1864 eo
674 1825 781 1874 quod
809 1825 921 1865 inter
951 1825 1169 1874 theologos
1200 1825 1268 1864 vel
1298 1824 1464 1864 defendi
1502 1824 1571 1864 vel
1600 1824 1677 1864 im-

219 1904 397 1955 pugnari
418 1903 626 1953 audimus,
649 1904 857 1944 hominem
880 1907 1032 1945 natura
1053 1914 1148 1944 csse
1169 1905 1347 1954 bonum3
1378 1903 1423 1943 in
1444 1912 1527 1953 quo
1546 1913 1678 1953 quan·

219 1985 307 2023 tum
340 1982 431 2022 veri
452 1984 736 2031 quantumque
765 1982 861 2022 falsi
891 1983 994 2023 insit
1022 1986 1137 2033 (nam
1167 1982 1268 2022 mihi
1297 1982 1462 2032 quidem
1490 1981 1593 2022 illud
1625 1991 1678 2021 ex

218 2064 397 2112 utroque
418 2061 598 2101 mixtum
619 2060 805 2112 videtur)
827 2062 996 2112 longum
1021 2064 1086 2101 est
1106 2070 1316 2111 exponere
1330 2070 1465 2110 neque
1485 2060 1567 2101 huc
1586 2070 1678 2111 per-

219 2141 341 2180 tinet.
393 2137 507 2180 Satis
538 2140 595 2179 sit
621 2141 847 2179 annotasse
877 2140 1002 2180 istam
1032 2139 1282 2179 sententiam
1312 2139 1438 2178 etiam
1459 2139 1678 2181 dialectico

219 2218 411 2258 acumine
442 2227 599 2258 carere.
650 2214 822 2258 Scilicet
842 2227 970 2267 quum
1000 2227 1075 2267 pro
1103 2217 1304 2267 principio
1326 2216 1487 2256 ethicae
1507 2218 1679 2266 ponitur

219 2298 371 2338 bonum
402 2282 497 2338 esse
526 2298 634 2347 quod
663 2297 720 2338 sit
755 2285 982 2338 secundum
1011 2299 1227 2346 naturam,
1271 2296 1450 2345 primum
1480 2298 1674 2338 naturam

218 2385 291 2427 per
311 2385 357 2415 se
378 2378 507 2415 totam
538 2378 664 2424 atque
692 2376 899 2429 integram
930 2374 1181 2423 explicatum
1203 2373 1256 2412 iri
1278 2375 1588 2423 exspectamuS,
1620 2384 1674 2414 ex

211 2464 300 2505 *qua
322 2454 514 2503 deinceps
537 2454 633 2494 boni
665 2454 755 2494 sive
775 2453 946 2494 virtutis
969 2452 1084 2493 notio
1111 2454 1350 2503 repetatur3
1383 2461 1510 2502 quum
1533 2455 1673 2494 autem

219 2532 418 2584 adjicitur
437 2531 488 2573 ad
510 2531 707 2573 virtutem
738 2540 815 2572 nos
849 2531 900 2571 ab
931 2531 1021 2581 ipsa
1041 2532 1193 2571 natura
1213 2530 1383 2571 invitari
1399 2560 1411 2581 ‚
1444 2532 1533 2571 tum
1553 2539 1673 2581 aper-

219 2607 309 2654 tum
330 2616 396 2653 est
416 2606 737 2662 disputationem
758 2613 806 2650 ut
826 2611 948 2659 ajunt
967 2610 1011 2649 in
1036 2610 1195 2649 circulo
1216 2611 1378 2649 versari
1399 2619 1533 2658 neque
1553 2610 1673 2658 quid-

220 2701 346 2745 quam
374 2691 590 2742 proficere.
653 2687 932 2744 Quamobrem
960 2689 1068 2739 quod
1109 2689 1159 2729 ad
1192 2689 1466 2731 invitamenta
1496 2689 1674 2729 naturae

1366 2753 1392 2793 3
