1893 3155
719 241 1252 289 ——44--·

228 369 401 421 imperio
423 366 601 418 depulsit
627 366 686 406 ita
716 365 825 406 ratio
859 375 882 406 a
904 365 1039 417 prima
1071 364 1326 416 appetitione
1356 364 1521 415 quidem
1548 364 1704 422 genita-

228 452 270 489 et
290 448 449 489 nutrita
469 455 566 485 mox
599 448 732 485 matre
759 446 970 495 potentior
990 449 1033 486 et
1064 445 1271 486 excelsior
1293 445 1403 485 sacta
1432 446 1512 495 sit,
1547 444 1691 484 eodem

225 528 296 568 illa
317 529 359 566 et
379 525 612 565 clarissimo
643 524 801 565 lumine
822 525 1010 575 eil'ulget.
1065 522 1307 574 Omnesque
1337 525 1434 565 illae
1462 524 1691 565 enarratio-

225 616 299 646 nes
335 604 784 655 phaenomenologicae
818 606 962 645 eodem
1006 605 1264 645 contendunt
1297 607 1343 645 ut
1380 605 1693 645 demonstretur

223 686 331 737 quod
361 685 404 726 in
437 694 539 726 suae
568 685 846 736 expositionis
876 685 1148 726 conclusione
1176 682 1390 736 Diogenes
1420 685 1560 736 ponit:
1594 683 1693 734 τοῖς

223 761 487 820 ἀνθρώποις
505 761 558 806 τὸ
579 761 695 806 κατὰ
717 761 849 821 λόγον
869 766 944 822 ζῆν
963 761 1199 821 γίγνεσθαι
1219 761 1334 806 κατὰ
1356 764 1501 822 φύσιν.
1552 763 1691 805 Natu—

221 855 309 885 ram
348 845 572 885 humanam
601 854 726 894 quam
757 845 1008 894 sequendam
1040 841 1173 885 Stoici
1211 844 1473 894 praecipiunt
1509 844 1691 893 intelligi

222 924 368 964 volunt
388 923 652 970 rationalem.
698 922 812 964 Bene
835 921 996 965 Seneca
1019 934 1084 973 ep.
1109 922 1191 964 76:
1220 922 1450 973 „Hominis
1480 932 1689 964 summum

223 1005 375 1045 bonum
405 1003 512 1044 ratio
545 1005 635 1055 est3
668 1003 775 1044 hanc
797 1004 834 1043 si
865 1003 1041 1053 perfecit
1060 1003 1281 1044 laudabilis
1312 1006 1378 1044 est
1398 1006 1441 1043 et
1471 1004 1593 1043 tinem
1616 1011 1689 1042 na-

222 1087 342 1124 turae
364 1093 466 1123 suae
487 1083 685 1133 attigit.“
725 1080 815 1124 Cic.
843 1084 892 1122 (le
915 1084 983 1123 lin.
1011 1081 1086 1134 IV,
1116 1082 1193 1123 11:
1222 1081 1526 1134 „Chrysippus
1548 1085 1687 1123 autem

221 1174 436 1214 exponens
459 1164 715 1203 differentias
744 1164 1019 1204 animantium
1049 1164 1108 1204 ait
1127 1164 1232 1204 alias
1255 1173 1398 1205 earum
1421 1173 1594 1214 corpore
1615 1172 1688 1203 ex-

221 1243 395 1292 cellere⁷
439 1242 543 1282 alias
574 1244 715 1282 autem
746 1242 910 1292 animo,
955 1243 1181 1283 nonnullas
1212 1243 1355 1283 valere
1396 1246 1573 1293 utraque
1613 1253 1685 1293 re;

187 1337 189 1339 ’
219 1321 366 1362 deinde
389 1321 576 1371 disputat
596 1321 705 1371 quod
737 1323 943 1371 cujusque
971 1323 1140 1372 generis
1171 1323 1444 1363 animantium
1466 1323 1597 1363 statui
1619 1323 1685 1363 de·

219 1404 312 1441 ceat
331 1404 579 1441 extremum.
613 1398 754 1453 Quum
776 1404 917 1441 autem
938 1402 1146 1442 hominem
1169 1403 1211 1442 in
1233 1413 1281 1442 eo
1300 1413 1455 1452 genere
1475 1403 1688 1452 posuisset

219 1483 269 1522 ut
289 1481 328 1520 ei
359 1481 565 1521 tribueret
585 1480 713 1519 animi
744 1480 1034 1521 excellentiam
1066 1491 1274 1522 summum
1301 1482 1341 1521 id
1363 1482 1583 1521 constituit
1603 1491 1684 1521 non

220 1563 269 1600 ut
290 1559 498 1599 excellere
519 1560 658 1599 animo
690 1560 761 1598 sed
783 1562 831 1599 ut
862 1560 965 1599 nihil
996 1571 1090 1600 esse
1120 1564 1286 1610 praeter
1318 1562 1502 1601 animum
1525 1561 1685 1600 videre-

221 1643 345 1680 ων.ιι
396 1637 605 1679 Naturam
628 1639 759 1689 igitur
791 1639 1091 1694 interpretatur
1112 1641 1162 1681 au
1187 1641 1271 1681 vim
1295 1640 1567 1681 excellentem
1592 1649 1684 1689 par·

220 1721 386 1769 temque
407 1699 698 1758 excelsiorem.
752 1715 849 1758 Ideo
878 1715 958 1768 τὰς
979 1713 1141 1775 ἀρετάς
1162 1733 1276 1777 φασι
1306 1717 1387 1770 τὰς
1408 1714 1546 1768 αὐτὰς
1568 1713 1684 1760 εἶναι

216 1800 281 1855 τῷ
301 1794 549 1855 ἡγεμονικῷ
567 1795 693 1853 μέρει
724 1800 802 1855 τῆς
822 1801 969 1855 ψυχῆς
998 1809 1069 1849 ἃμ,
1091 1797 1207 1840 δῖοι).
1236 1798 1316 1840 114
1349 1803 1391 1840 et
1411 1801 1511 1840 item
1534 1810 1683 1841 secun-

216 1880 313 1920 dum
346 1877 470 1929 Diog.
508 1876 604 1929 Vll,
628 1878 708 1920 94:
741 1875 793 1920 τὸ
823 1873 998 1935 ἀγαθὸν
1030 1874 1158 1929 ἰδίως
1186 1875 1411 1936 ὁρίζονται
1440 1876 1492 1922 τὸ
1513 1876 1684 1923 τέλειον

215 1955 328 2000 κατὰ
364 1957 496 2015 φύσιν
525 1957 707 2012 λογικοῦ
739 1954 800 2006 ὡς
830 1958 1011 2013 λογικοῦ
1022 1975 1035 2009 ‚·
1073 1960 1224 2008 quippe
1254 1962 1296 1998 et
1322 1960 1494 1999 virtutis
1523 1963 1565 1999 et
1585 1960 1680 1999 boni

218 2038 406 2077 ‹leilnitio
428 2039 524 2087 apta
545 2037 625 2077 suit
646 2047 668 2076 e
690 2038 896 2077 sententia
919 2038 1134 2087 principali
1159 2035 1263 2093 περὶ
1284 2036 1449 2088 τέλους.

891 2305 925 2350 g.
960 2298 1003 2339 o.

331 2434 442 2474 llaec
464 2444 591 2483 quum
614 2434 850 2484 colligimus
872 2445 982 2475 nunc
1012 2436 1176 2476 (lemum
1209 2437 1258 2477 ad
1281 2438 1472 2488 principii
1501 2440 1597 2489 ejus
1627 2439 1678 2479 de

213 2522 295 2562 quo
327 2513 493 2562 agimus
523 2513 909 2562 interpretationem
940 2518 1094 2556 certam
1124 2520 1168 2556 et
1197 2518 1408 2557 delinitam
1434 2519 1677 2567 pervenisse

214 2592 333 2632 nobis
355 2592 562 2633 videmur.
615 2590 784 2633 Natura
806 2603 929 2643 quam
950 2596 1252 2644 quaerebamus
1274 2607 1463 2647 quaeque
1484 2607 1566 2646 quo
1587 2607 1675 2637 am—

210 2672 318 2722 plior
350 2674 464 2712 esset
494 2671 704 2721 latiusque
743 2676 902 2722 pateret
930 2685 978 2714 eo
1010 2675 1213 2716 difficilior
1244 2686 1338 2716 esse
1368 2677 1589 2717 videbatur
1622 2677 1678 2717 ad-

210 2751 546 2803 describendum‚
576 2751 665 2802 Jam
689 2761 743 2793 ex
772 2752 1044 2804 ambiguitate
1065 2755 1249 2796 notionis
1269 2755 1312 2796 in
1338 2757 1494 2798 certam
1525 2755 1610 2798 vim
1632 2758 1674 2798 et
