1893 3155
667 248 1148 299 -524-

175 379 356 431 hindert,
389 378 486 419 dass
507 377 622 417 diese
643 375 732 416 sich
754 376 872 417 nicht
891 374 1186 431 durchgiingig
1206 368 1430 415 bewahrcn
1452 370 1640 413 konnen.

120 480 124 483 -
176 485 233 491 -
265 465 325 510 (p.
352 456 452 512 149)
483 455 577 497 Aur
600 456 682 497 alle
706 455 855 499 Weise
877 456 993 496 ware
1013 465 1060 496 es
1091 455 1182 496 also
1202 454 1298 495 eine
1318 451 1643 503 Verbesserung

175 548 374 591 gewesen
394 538 439 579 in
461 537 535 579 der
554 535 695 579 Lehre
716 538 857 579 seines
879 534 1079 578 Meisters
1101 535 1263 577 welche
1283 534 1458 576 Ariston
1480 531 1647 574 einiiih-

175 629 250 660 ren
270 617 436 667 wollte,
468 616 608 658 indem
639 626 687 658 er
707 617 956 668 behauptete
978 627 1024 658 es
1046 614 1168 658 diirre
1192 625 1261 656 wo
1284 615 1358 656 das
1380 612 1492 656 Gute
1524 615 1648 654 statt-

176 697 312 738 finden
341 697 470 747 Solle,
504 696 612 737 auch
642 706 722 747 gar
752 697 853 737 kein
875 696 1004 737 Trieb
1035 696 1281 737 stattnnden
1310 694 1396 736 und
1418 693 1545 734 keine
1564 689 1645 733 Be-

175 787 364 829 weguug
393 777 467 817 des
499 773 704 818 Gemiiths
734 777 812 817 auf
838 777 1057 826 dasjenige
1087 786 1178 817 was
1209 775 1425 816 zwischen
1456 774 1531 814 der
1558 772 1651 814 Tu-

175 858 286 910 gend
315 857 425 909 liege
454 856 538 898 und
570 856 663 897 dem
685 854 853 898 Laster.
878 882 935 888 -—
963 854 1044 898 Die
1074 854 1207 898 Ethik
1235 856 1298 897 als
1326 836 1649 897 Wissenschait

178 940 293 980 kann
314 938 431 979 nicht
449 938 647 979 bes-tehen
678 947 805 979 wenn
828 937 889 977 sie
911 936 1027 977 nicht
1047 936 1122 977 das
1143 933 1281 977 Recht
1301 935 1383 976 wie
1412 934 1477 975 die
1496 931 1650 976 Pssicht

178 1020 251 1059 hat
272 1019 346 1059 das
369 1016 514 1060 Ganze
536 1019 610 1059 des
631 1018 942 1059 menschlichen
965 1016 1179 1058 flandelns
1200 1026 1255 1058 zu
1276 1016 1546 1057 umfassen.“

856 1286 891 1331 ἓ.
923 1281 967 1324 7.

296 1417 536 1469 Antequam
558 1421 699 1459 autem
721 1419 1076 1460 examinationem
1107 1419 1151 1460 in
1172 1428 1296 1469 quam
1323 1428 1449 1470 prope
1465 1420 1556 1469 jam
1578 1427 1652 1459 ex-

185 1499 408 1549 positionis
428 1498 499 1538 via
521 1502 669 1548 sponte
689 1499 879 1539 traduxit
899 1499 1067 1549 penitus
1090 1499 1379 1548 instituamus,
1405 1507 1655 1542 commemo-

185 1587 281 1618 rare
301 1579 437 1623 restat
455 1577 706 1628 principium
729 1578 779 1619 de
800 1588 882 1628 quo
903 1579 1069 1629 agimus
1092 1577 1336 1628 disciplinae
1357 1575 1524 1619 Stoicae
1545 1577 1656 1628 quod

185 1657 321 1697 adhuc
343 1657 395 1696 ad
415 1657 651 1718 principum
672 1659 767 1707 ejus
789 1661 930 1698 sectae
951 1658 1182 1698 sententias
1211 1656 1528 1707 explanavimus
1549 1665 1653 1706 qua-

185 1739 308 1777 tenus
349 1746 374 1776 a
401 1737 709 1788 posterioribus
746 1738 837 1778 sive
877 1740 1093 1778 servatum
1125 1737 1215 1777 sive
1243 1738 1545 1777 commutatum
1581 1736 1653 1776 sit.

185 1814 308 1878 Quod
336 1826 547 1866 exponere
575 1817 654 1857 hoc
694 1817 784 1869 ipso
820 1817 913 1857 loco
942 1827 991 1857 eo
1033 1817 1172 1867 aptius
1213 1827 1308 1858 esse
1336 1816 1529 1867 videtur,
1572 1825 1656 1867 quo

183 1897 343 1938 arctius
364 1898 636 1946 conjunctum
668 1901 733 1938 est
754 1908 849 1939 cum
870 1898 1006 1947 capite
1027 1898 1233 1947 proximo.
1280 1894 1403 1949 Quod
1425 1897 1534 1936 enim
1558 1906 1653 1946 nos,

184 1976 293 2016 idem
322 1976 411 2016 sere
436 1977 526 2026 jam
548 1974 787 2017 Stoicorum
811 1976 1012 2027 aequales
1032 1974 1300 2027 Peripatetici
1332 1978 1374 2017 et
1393 1974 1652 2027 Academici,

186 2056 357 2095 illorum
379 2055 611 2095 doctrinam
628 2065 754 2104 quum
779 2057 972 2096 acumine
993 2056 1211 2096 dialectico
1233 2056 1528 2105 impugnarent
1550 2056 1656 2095 mul-

188 2137 276 2175 tum
306 2137 348 2175 et
376 2134 530 2175 acriter
559 2137 816 2185 arguerunt:
860 2145 986 2186 quum
1019 2135 1268 2186 principium
1298 2135 1600 2185 repetivissent
1631 2145 1657 2175 a

185 2216 351 2265 natura,
377 2215 481 2254 mire
501 2214 667 2255 eosdem
690 2214 884 2265 deinceps
906 2223 989 2255 non
1011 2216 1146 2255 totum
1169 2214 1377 2256 hominem
1398 2217 1595 2267 spectare
1615 2217 1658 2256 et

185 2296 418 2344 praeposita
440 2306 546 2344 quae
568 2296 808 2335 dicerentur
840 2305 865 2334 a
886 2295 1038 2344 quibus
1065 2295 1269 2344 principia
1300 2296 1512 2335 actionum
1533 2305 1652 2346 repe-

181 2376 319 2417 terent
351 2374 454 2425 ipsi,
487 2374 759 2416 nihilominus
790 2385 814 2415 a
836 2374 918 2415 tine
938 2374 1143 2415 bonorum
1165 2385 1374 2425 separare.
1428 2373 1657 2426 Ejusmodi

178 2457 462 2496 trecensiones
490 2455 561 2505 qui
591 2456 756 2505 plenius
787 2463 1044 2506 cognoscere
1073 2457 1115 2494 et
1143 2455 1384 2496 accuratius
1414 2455 1660 2498 examinare

181 2535 313 2586 velit,
347 2535 386 2576 ei
409 2532 627 2577 Ciceronis
660 2537 709 2576 de
742 2537 814 2576 lin.
839 2536 936 2576 libri
965 2533 1026 2577 IV
1056 2538 1099 2575 et
1130 2533 1171 2577 V
1200 2536 1380 2577 adeundi
1409 2536 1657 2587 sunt3-huc

182 2618 347 2655 tantum
379 2624 706 2656 commemorare
735 2616 942 2666 pertinet,
976 2615 1232 2667 posteriores
1256 2612 1422 2656 Stoicos
1448 2614 1501 2655 iis
1524 2614 1656 2656 anim-

184 2695 511 2747 adversionibus¹
529 2694 791 2743 aliquantum
812 2695 1075 2735 concessisse
1097 2696 1140 2733 et
1161 2693 1212 2733 ad
1234 2694 1419 2743 ipsorum
1442 2691 1656 2744 Peripate-

188 2774 367 2815 ticorum
389 2775 596 2816 rationem
619 2775 789 2824 propius
811 2785 858 2814 se
879 2775 1132 2826 applicuisse
1152 2772 1302 2813 videri.
