1893 3155
726 204 1207 251 ——48--—

210 353 213 356 ⁴
234 320 361 382 opera
381 338 515 379 neque
534 337 603 368 res
624 329 840 386 externas.
897 326 1039 379 Atque
1059 328 1214 370 bonum
1235 327 1339 369 illud
1360 327 1612 379 appellatum
1632 329 1701 367 est
1754 342 1758 345 Δ

234 420 317 452 11011
339 420 362 451 e
382 408 690 458 comparatione
711 417 808 449 cum
829 408 982 450 ceteris
1003 398 1075 450 sed
1090 409 1132 450 vi
1153 418 1329 460 prorsus
1349 408 1576 460 peculiari.
1603 405 1702 450 Vir-

235 491 337 532 tutis
365 488 600 529 aestimatio
629 489 733 529 1111111
773 499 995 530 commune
1035 490 1160 531 hahet
1189 499 1284 531 cum
1324 499 1466 531 rerum
1506 490 1703 531 aestima-

232 571 370 621 tione,
402 578 582 620 genere,
616 579 699 610 non
722 570 1013 620 magnitudine
1034 570 1085 610 ab
1106 580 1155 610 ea
1177 570 1370 619 sejuncta
1391 572 1458 610 est
1477 567 1588 619 (Cic.
1615 569 1644 610 1.
1669 569 1699 610 l.

233 651 269 703 g.
287 647 378 701 34).
413 646 679 690 Valetudinis
700 651 748 688 ut
768 649 847 688 hoc
867 651 1038 689 utamur
1057 648 1293 689 aestimatio
1315 648 1451 699 spatio
1467 648 1700 699 judicatur,

230 729 401 770 virtutis
423 728 733 779 opportunitate
756 728 803 782 (l.
830 728 858 769 l.
884 729 922 783 ς.
947 728 1040 784 47).
1093 727 1185 769 Hoc
1213 728 1318 769 illud
1350 730 1417 768 est
1436 737 1518 778 quo
1538 727 1703 769 cunctis
1778 775 1782 778 ,

230 808 402 859 reliquis
423 808 587 849 artibus
608 810 796 858 praestat
824 803 1057 859 sapientia3
1091 808 1134 847 in
1155 807 1306 857 quibus
1327 809 1401 847 aut
1422 808 1526 847 soris
1546 807 1705 869 petitur

230 891 490 939 extremum,
524 888 567 928 id
598 890 665 928 est
694 888 798 929 artis
829 888 1022 938 effectio,
1056 890 1131 928 aut
1161 890 1275 928 certe
1303 887 1349 928 in
1378 887 1432 928 iis
1453 896 1560 938 quae
1587 889 1719 928 recte,

232 969 345 1009 sacta
365 971 466 1009 sunt
486 978 569 1009 non
592 968 861 1009 continentur
881 970 1022 1008 tamen
1039 977 1190 1008 >omnes
1221 970 1361 1018 partes
1384 977 1406 1008 e
1427 966 1578 1017 quibus
1599 976 1699 1007 con-

233 1051 375 1100 stant3
410 1048 500 1089 sola
531 1049 736 1098 sapientia
768 1057 854 1088 sec.
881 1045 971 1090 Cic.
997 1048 1025 1088 1.
1051 1047 1080 1088 l.
1106 1047 1145 1103 ς.
1170 1046 1226 1088 24
1257 1047 1300 1088 111
1322 1056 1368 1088 se
1389 1049 1477 1088 tota
1498 1055 1703 1095 conversa

234 1131 314 1168 est.
367 1127 427 1168 At
449 1127 572 1168 talem
604 1128 853 1177 sapientiam
873 1128 916 1167 in
939 1137 1032 1167 sese
1055 1129 1183 1166 totam
1205 1135 1451 1166 conversam
1471 1128 1515 1166 et
1535 1125 1705 1176 singula

232 1216 423 1257 quaeque
453 1216 596 1248 rerum
627 1206 887 1256 agendarum
915 1206 1127 1245 momenta
1156 1214 1181 1244 a
1212 1206 1434 1255 majestate
1459 1214 1537 1246 sua
1557 1215 1703 1246 arcen-

232 1289 318 1328 tem
346 1289 494 1337 sponte
523 1286 804 1336 judicabimus
828 1284 1012 1325 fructum
1046 1285 1157 1326 serre
1188 1294 1272 1325 non
1293 1285 1499 1335 potuisse.
1552 1282 1703 1336 Neque

234 1367 346 1407 tulit.
379 1365 608 1406 Actionum
632 1365 895 1414 singularum
920 1365 1232 1413 officiorumque
1253 1365 1297 1404 in
1316 1365 1531 1405 hominum
1553 1365 1641 1404 vita
1662 1367 1704 1404 et

236 1445 539 1486 consuetudine
559 1445 789 1486 valentium
822 1444 1072 1484 movimenta
1095 1453 1220 1493 quum
1253 1444 1362 1484 ratio
1395 1443 1466 1484 1113
1489 1446 1658 1485 austera
1679 1454 1703 1485 e

236 1525 326 1566 suis
348 1524 480 1575 copiis
502 1534 584 1564 non
606 1524 815 1575 gigneret,
840 1525 1029 1574 repetere
1051 1521 1182 1565 Stoici
1205 1523 1338 1564 coacti
1361 1525 1461 1564 sunt
1481 1533 1535 1564 ex
1556 1533 1605 1564 eo
1626 1533 1701 1581 ge-

236 1614 337 1644 nere
357 1604 466 1653 quod
488 1606 612 1643 antea
633 1606 680 1643 ut
700 1603 917 1653 indignum
940 1606 981 1643 et
1010 1604 1060 1642 ab
1082 1604 1257 1643 honesta
1279 1603 1442 1664 actione
1463 1606 1703 1654 separatum

233 1682 503 1733 abjecissent.
558 1679 689 1722 Iidem
710 1683 781 1732 qui
813 1693 838 1723 a
869 1683 1048 1732 superba
1080 1683 1309 1732 sapientiae
1339 1683 1508 1733 specula
1535 1684 1703 1733 praeter

234 1762 465 1802 voluntatis
506 1762 657 1802 rationi
687 1762 1012 1812 obtemperantis
1042 1761 1320 1802 constantiam
1361 1761 1521 1812 reliqua
1563 1762 1702 1803 omnia

232 1844 280 1881 ut
301 1835 533 1898 ἀδιάφορα
555 1842 871 1890 despexissent,
905 1841 1175 1881 nihilominus
1197 1850 1325 1890 quum
1354 1842 1398 1881 in
1425 1841 1556 1881 vitam
1577 1844 1702 1891 atque

233 1919 578 1960 consuetudinem
599 1920 814 1959 hominum
835 1920 1151 1960 descendissent
1181 1921 1393 1961 actionum
1414 1921 1657 1962 discrimina
1677 1930 1703 1961 a

233 2007 373 2041 rerum
397 1998 708 2038 discriminibus
730 1998 956 2039 duxerunt.
1009 1996 1158 2039 Vetuit
1178 1999 1342 2049 quidem
1364 1980 1556 2051 Ariston,
1585 2000 1701 2041 audi-

234 2079 302 2119 tor
323 2076 532 2129 Zenonis3
574 2086 695 2128 quem
717 2078 787 2127 qui
821 2078 956 2119 secuti
988 2080 1089 2119 sunt
1108 2078 1385 2129 reliquerunt.
1437 2076 1535 2129 Ipsi·
1553 2081 1694 2121 autem

232 2158 500 2207 quamobrem
540 2167 713 2197 necesse
753 2157 810 2197 sit
849 2158 1057 2198 fatentur:
1101 2168 1260 2208 „quam
1304 2158 1471 2211 (rerum
1509 2159 1701 2200 differen-

232 2238 383 2285 tiam),
419 2233 525 2277 Cato
553 2237 690 2286 inquit
711 2236 740 2276 l.
766 2217 867 2291 i.'§.
893 2235 963 2285 50,
999 2238 1035 2277 si
1065 2238 1222 2278 1111113111
1254 2248 1348 2278 esse
1368 2238 1627 2289 diceremus,
1659 2241 1702 2278 et

230 2316 560 2357 confunderetur
589 2316 725 2356 omnis
756 2316 842 2356 vita
876 2318 921 2357 ut
951 2316 1002 2356 ab
1031 2314 1257 2368 Aristone,
1301 2326 1437 2367 neque
1467 2316 1601 2358 ullum
1633 2327 1700 2358 sa-

230 2397 410 2446 pientiae
431 2405 586 2436 munus
608 2398 682 2435 aut
698 2405 802 2444 opus
825 2396 1102 2447 inveniretur,
1128 2407 1255 2447 quum
1278 2397 1390 2439 inter
1409 2406 1481 2436 eas
1502 2406 1572 2436 res
1593 2406 1701 2446 quae

228 2475 277 2515 311
299 2475 430 2515 vitam
453 2475 681 2525 degendam
710 2476 970 2526 pertinerent
997 2476 1100 2516 nihil
1121 2476 1291 2517 omnino
1321 2476 1545 2517 interesset
1565 2484 1701 2526 neque

229 2554 361 2594 ullum
385 2553 592 2593 delectum
622 2553 809 2594 adhiberi
837 2557 1063 2604 oporteret.
1121 2540 1268 2604 Itaque
1290 2564 1419 2603 quum
1450 2556 1565 2593 esset
1594 2554 1699 2594 satis

228 2633 508 2673 constitutum
541 2631 582 2671 id
605 2632 738 2672 solum
762 2643 856 2673 esse
886 2635 1038 2675 bonum
1059 2634 1170 2683 quod
1201 2635 1315 2673 esset
1342 2632 1565 2672 honestum
1594 2634 1636 2672 et
1655 2632 1698 2672 id

228 2713 384 2753 malum
415 2712 554 2752 solum
576 2712 685 2761 quod
706 2714 852 2762 turpe,
883 2715 973 2754 tum
1001 2713 1113 2753 inter
1142 2711 1217 2751 illa
1237 2720 1345 2760 quae
1374 2711 1477 2752 nihil
1506 2710 1698 2753 valerent
