1893 3155
728 249 999 294 ——49
1072 262 1216 281 -,

235 372 328 413 loeo
345 380 428 412 suo
450 368 786 410 collocandarum
803 399 814 420 ,
850 369 1024 421 „locum
1045 370 1211 422 autem,
1231 369 1392 421 inquit,
1428 368 1606 409 actionis
1626 377 1699 419 op-

236 451 536 502 portunitatem
566 450 767 499 temporis
806 460 900 491 esse
934 451 1101 502 dicunt;
1141 454 1309 500 tempus
1340 452 1481 491 autem
1517 450 1698 490 actionis

235 531 517 586 opportunum
547 525 706 569 Graece
736 522 940 585 εὐκαιρία
972 526 1123 570 Latine
1154 530 1387 580 appellatur
1415 529 1620 578 occasio“
1654 532 1698 570 et

237 609 385 651 deinde
415 608 649 649 concludit:
691 608 977 666 „modestiam
1000 617 1095 656 esse
1122 610 1339 649 scientiam
1370 609 1696 660 opportunitatis

236 689 483 731 idoneorum
503 688 553 729 ad
574 688 779 738 agendum
801 690 1088 739 temporum-‘⁶
1124 686 1303 731 Occasio
1320 689 1463 730 eadem
1484 692 1550 730 est
1570 698 1694 740 quam

235 771 525 821 properantem
547 769 787 819 observare,
816 769 1150 820 circumspicere,
1175 770 1376 819 prendere
1392 770 1514 820 jubet
1534 767 1695 810 Seneca

235 860 301 901 ep.
324 848 395 890 22.
458 847 566 901 Ejus
597 849 728 900 igitur
755 849 992 891 observatio
1022 854 1070 889 ut
1101 849 1152 889 ad
1189 850 1319 890 vitam
1349 850 1454 890 hene
1488 849 1694 900 agendam

234 930 426 970 conferat
464 930 694 979 habeatque
731 939 855 969 suum
893 929 939 970 in
973 929 1179 969 virtutum
1217 929 1479 979 singularum
1519 938 1694 970 numero

234 1008 398 1058 locum,
433 1010 574 1049 tamen
603 1018 731 1059 quum
762 1018 787 1048 a
808 1005 1011 1049 Cicerone
1040 1008 1070 1048 l.
1095 1009 1125 1049 l.
1154 1009 1235 1058 ipsi
1264 1008 1578 1048 convenientiae
1609 1011 1695 1048 tam

234 1098 361 1138 prope
382 1090 424 1128 et
444 1088 566 1138 quasi
596 1088 685 1137 pari
708 1088 902 1138 dignitati
930 1088 1177 1137 adjungitur
1197 1097 1329 1139 eoque
1355 1088 1399 1128 in
1426 1089 1578 1128 summi
1598 1088 1696 1128 boni

235 1168 517 1209 definitionem
538 1168 792 1218 assumitur,
826 1168 927 1218 quin
958 1177 1101 1208 errore
1120 1169 1297 1218 quodam
1327 1168 1452 1209 nimis
1473 1170 1598 1209 aucta
1620 1168 1692 1218 sit,

234 1249 424 1299 equidem
454 1257 537 1289 non
560 1247 717 1288 dubito.
771 1244 939 1300 Quanto
969 1247 1080 1287 enim
1110 1245 1182 1286 illa
1213 1247 1336 1296 cujus
1356 1247 1442 1287 vim
1473 1257 1601 1299 supra
1621 1257 1695 1288 ex—

233 1328 480 1380 plicavimus
497 1328 639 1368 totius
660 1327 773 1367 vitae
800 1326 1089 1367 convenientia
1119 1328 1159 1366 et
1189 1326 1468 1367 concinnitate
1498 1327 1696 1369 humilior

234 1407 315 1458 sit,
347 1406 441 1457 quis
463 1416 545 1447 non
566 1406 707 1446 videt?
738 1402 910 1447 Scilicet
929 1414 1036 1455 quae
1066 1404 1304 1455 postulatur
1324 1407 1616 1447 convenientia
1646 1416 1697 1448 ea

233 1487 278 1528 in
299 1496 346 1528 se
373 1487 466 1537 ipsa
485 1486 563 1526 hoc
584 1487 654 1541 est·
678 1485 722 1526 in
753 1485 933 1525 hominis
963 1485 1101 1525 animo
1132 1486 1174 1524 et
1193 1484 1411 1525 voluntate
1441 1486 1609 1527 unicam
1629 1495 1697 1528 ra-

233 1550 390 1607 tionem
412 1569 456 1607 et
475 1575 662 1606 normam
684 1565 830 1616 habet,
865 1575 972 1615 quae
992 1564 1242 1615 adjungitur
1273 1566 1564 1614 opportunitas
1594 1576 1644 1606 ea
1673 1575 1697 1606 e

234 1646 444 1688 contrario
475 1646 525 1686 ad
548 1646 765 1687 fortuitam
786 1654 960 1686 casuum
981 1646 1024 1685 et
1052 1653 1192 1685 rerum
1216 1646 1487 1686 externarum
1509 1654 1697 1687 normam

204 1727 208 1732 “
234 1726 379 1767 oculos
407 1726 625 1766 intendere
655 1726 799 1775 juhet3
842 1727 889 1765 ut
916 1733 1049 1773 paene
1078 1733 1131 1763 ne
1164 1725 1497 1765 convenientiam
1529 1725 1695 1774 quidem

232 1805 365 1857 ipsam
387 1815 410 1846 a
430 1802 633 1847 Cicerone
654 1813 782 1854 quum
803 1803 905 1844 haec
925 1802 1050 1843 verba
1073 1802 1275 1856 scriberet
1294 1812 1369 1853 pro
1391 1803 1597 1856 dignitate
1617 1813 1696 1845 sua

233 1886 338 1926 satis
360 1885 621 1925 aestimatam
641 1883 885 1934 suspiceris.
929 1880 1014 1923 Pro
1035 1891 1199 1923 summo
1220 1885 1359 1923 autem
1381 1884 1491 1934 quod
1512 1884 1695 1943 positum

233 1965 414 2006 vidimus
444 1967 492 2005 ut
520 1966 659 2006 omnia
689 1965 803 2006 vitae
832 1948 1042 2003 momenta
1074 1972 1203 2003 unam
1231 1950 1415 2004 efficiant
1445 1966 1488 2004 et
1521 1973 1698 2005 consen-

232 2046 408 2087 tientem
429 2046 633 2096 speciem,
665 2044 706 2084 id
730 2043 877 2084 deinde
909 2043 1131 2093 praecipue
1161 2043 1336 2084 effertur
1362 2043 1406 2084 in
1435 2044 1636 2094 sapientis
1656 2047 1699 2085 et

234 2125 354 2166 stulti
376 2124 669 2174 descriptione,
694 2132 823 2173 quum
845 2123 1012 2172 sapiens
1033 2123 1172 2163 omnia
1193 2122 1592 2164 secundum·omnes
1614 2124 1698 2165 vir-

232 2207 346 2245 tutes
373 2205 478 2244 hene
500 2203 638 2242 facere
659 2189 848 2253 σὺνεχιῢς
877 2202 916 2242 h.
939 2212 975 2241 e.
1004 2204 1200 2250 tanquam
1231 2211 1315 2241 uno
1336 2205 1503 2251 tenore,
1538 2203 1697 2244 stultus

232 2282 377 2323 varius
408 2282 452 2322 in
482 2280 670 2322 consiliis
700 2290 795 2321 esse
825 2283 866 2321 et
896 2288 1029 2330 usque
1048 2280 1303 2330 poenitentia
1334 2280 1512 2330 corripi,
1545 2273 1594 2322 εὖ
1612 2296 1695 2334 με·

232 2358 469 2410 rotmanos
487 2358 565 2402 καὶ
584 2354 690 2416 παρ’
723 2356 888 2402 ἕκαστα
910 2347 1184 2415 μετάμελείᾳ
1216 2355 1502 2411 συνεχόμενος
1521 2360 1690 2401 dicitur.

231 2439 494 2483 Poenitentia
533 2440 616 2491 (ib.
649 2449 716 2489 ap.
752 2437 978 2480 Stobaeum
1019 2449 1060 2489 p.
1094 2435 1204 2490 208)
1245 2435 1621 2491 κακοδαιμονικόν
1648 2454 1693 2481 τι

233 2516 390 2569 adeas
409 2519 555 2576 ψυχῆς
573 2515 652 2559 καὶ
673 2516 918 2566 στασιῶδες
948 2520 990 2558 et
1021 2527 1046 2557 a
1067 2517 1255 2567 sapiente
1274 2517 1546 2558 alienissima.
1601 2517 1692 2559 Hoc

233 2603 276 2641 et
300 2602 520 2651 praeterea
550 2597 657 2648 quod
687 2596 1014 2638 misericordiam
1046 2605 1211 2637 omnem
1240 2606 1264 2636 a
1294 2597 1482 2647 sapiente
1512 2597 1692 2639 alienam

233 2690 329 2721 esse
356 2679 505 2720 volunt
535 2674 681 2731 (Stoi).
716 2687 756 2727 p.
784 2674 892 2724 123>
928 2685 1017 2725 eam
1048 2676 1239 2716 efficiunt
1267 2677 1495 2727 sapientiae
1526 2674 1693 2718 Stoicae

232 2759 414 2801 indolem
435 2745 559 2809 quam
582 2753 740 2801 Seneca
762 2756 919 2798 consol.
951 2755 1002 2797 ad
1025 2754 1219 2797 Helviam
1240 2766 1275 2798 c.
1300 2754 1354 2797 12
1380 2755 1546 2797 virilem
1568 2760 1693 2799 vocat

1352 2824 1410 2866 2*
