1893 3155
705 284 1186 330 ——28—.——-

221 418 267 447 se
297 408 405 448 ferat
434 407 745 456 interpretatur.
800 402 901 446 Inde
932 415 1038 455 quae
1067 405 1268 447 reddatur
1297 405 1456 447 homini
1484 404 1682 456 dignitaS,

221 497 326 537 quae
346 486 471 526 animi
493 485 669 526 altitudo
690 487 878 535 apertum
904 488 982 526 est.
1027 482 1176 527 Civem
1198 485 1455 527 mundanum
1475 495 1569 531 sese
1590 494 1685 525 sen·
1735 477 1741 482 ’

221 567 296 605 tiet
316 569 357 605 et
376 567 511 614 geret.
567 563 633 604 Ex
656 575 739 615 quo
761 568 1047 615 consequetur
1078 575 1157 605 non
1182 565 1317 606 solum
1338 568 1387 606 ut
1407 575 1490 606 non
1511 566 1592 606 sibi
1614 565 1687 605 sed

219 644 425 685 communi
447 644 618 685 utilitati
646 645 869 686 vivendum
904 644 1029 686 ducat
1050 644 1158 695 quod
1189 644 1326 687 solum
1357 645 1477 686 effert
1498 638 1586 686 Cic.
1610 644 1682 685 lin.

218 722 296 774 III,
324 723 392 774 19,
417 723 470 766 64
487 755 498 774 ,
533 735 679 765 verum
711 725 841 765 multo
871 725 1049 774 amplius
1070 725 1173 774 hoc,
1206 727 1252 764 ut
1281 725 1420 765 omnia
1451 734 1501 764 ea
1526 733 1633 774 quae
1662 734 1686 763 e

219 803 362 844 mundi
393 804 692 844 constitutione
731 805 779 844 ad
819 804 1028 844 hominem
1058 804 1233 844 redeant
1262 813 1439 844 munera
1468 806 1512 844 et
1550 803 1686 844 officia

219 884 425 924 sustineat
454 884 544 923 sive
567 887 611 923 ut
632 894 755 924 suum
789 885 831 924 in
853 894 995 924 rerum
1016 883 1293 925 universitate
1322 883 1461 924 locum
1482 892 1686 932 suamque

218 964 468 1014 positionem
498 964 666 1014 explere
687 967 874 1005 conetur.
925 962 1121 1005 Postulat
1143 960 1424 1014 Chrysippus,
1457 966 1505 1005 ut
1526 963 1682 1014 singuli

220 1044 458 1094 exprimant
486 1044 623 1083 ideam
654 1045 839 1094 generis.
895 1041 1089 1093 Suscepti
1112 1045 1251 1084 autem
1274 1043 1450 1084 altitudo
1470 1043 1685 1094 ingentem

220 1124 398 1173 gignere
439 1124 580 1164 debuit
619 1124 746 1163 animi
780 1125 1089 1164 confidentiam.
1151 1120 1389 1173 Censetque
1421 1121 1684 1173 Chrysippus

221 1213 287 1253 ap.
312 1201 427 1243 Plut.
453 1203 547 1243 adv.
573 1200 737 1243 Stoicos
768 1213 805 1243 c.
831 1201 910 1243 33:
946 1197 1081 1259 ἀρετῇ
1112 1197 1202 1254 οὐχ’
1233 1197 1465 1258 ὑπερέχειν
1493 1197 1571 1243 τὸν
1590 1196 1684 1242 Δία

220 1284 301 1322 τοῦ
316 1277 493 1331 Δίωνος
513 1277 801 1340 ὠφελεῖσθαί
819 1296 867 1323 τε
890 1278 1058 1335 ὁμοίως
1078 1276 1153 1322 ὑπ’
1177 1276 1377 1338 ἀλλήλων
1396 1277 1473 1322 τὸν
1492 1276 1587 1322 Δία
1609 1277 1686 1321 καὶ

221 1357 297 1402 τὸν
316 1357 472 1403 Δίωνα
503 1359 676 1420 σοφοὺς
705 1356 835 1412 ὄντας
867 1359 973 1403 ὅταν
1004 1359 1154 1418 ἕτερος
1182 1358 1379 1416 θατέρου
1408 1356 1595 1417 τυγχάνῃ
1617 1374 1685 1401 κι-

225 1437 463 1494 νουμένου,·
493 1450 666 1491 prorsus
690 1444 735 1482 ut
755 1442 867 1482 inter
890 1444 1100 1482 nostrates
1124 1440 1314 1491 Angelus
1335 1440 1407 1480 ille
1429 1437 1633 1481 Silesius:

370 1552 461 1593 Ihm
482 1554 540 1593 ist
561 1564 608 1594 so
629 1555 712 1594 viel
734 1565 787 1594 an
808 1555 889 1595 mir
909 1555 972 1595 als
995 1555 1075 1594 mir
1095 1564 1148 1594 an
1170 1554 1255 1594 ihm
1276 1554 1470 1604 gelegen,

372 1630 470 1673 Sein
493 1631 657 1675 Wesen
679 1633 769 1674 hell*
785 1635 851 1674 ich
873 1635 974 1684 ihm,
1001 1644 1047 1674 er
1066 1635 1148 1674 mir
1168 1634 1241 1674 das
1264 1633 1399 1673 meine
1419 1632 1597 1682 pflegen.

338 1756 475 1798 Multa
516 1768 640 1808 saepe
670 1756 834 1799 Stoicos
863 1759 913 1799 de
953 1759 1120 1809 pietatis
1159 1761 1201 1799 et
1234 1758 1453 1809 religionis
1491 1756 1684 1797 laudibus

222 1838 428 1877 disserere
457 1838 676 1889 audimus3
708 1847 810 1878 vere
839 1839 936 1888 quid
970 1839 1182 1879 senserint
1201 1841 1242 1878 et
1263 1848 1286 1878 e
1307 1837 1551 1887 disciplinae
1570 1836 1685 1886 prin-

222 1915 341 1965 cipiis
364 1907 519 1955 sentire
549 1916 768 1956 debuerint
799 1917 1004 1966 ejusmodi
1027 1917 1237 1957 sententia
1258 1916 1530 1957 demonstrat.
1573 1912 1685 1955 Nam

223 1994 410 2043 profecto
432 2003 560 2043 quum
582 1994 772 2044 singulos
794 1996 947 2035 mentis
976 1996 1210 2036 mundanae
1231 1997 1371 2045 partes
1391 2004 1486 2035 esse
1515 1994 1685 2034 statuis-

225 2076 334 2122 sent,
359 2074 555 2122 pietatem
579 2073 683 2121 tolli,
709 2073 1002 2114 confidentiam
1023 2074 1237 2124 ingentem
1258 2073 1302 2113 in
1324 2073 1475 2113 animis
1496 2081 1685 2113 crescere

224 2162 396 2192 necesse
418 2152 511 2192 suit.

314 2230 376 2271 Eo
397 2234 509 2272 certe
527 2232 817 2281 perfectiorem
841 2233 1097 2283 reperiemus
1111 2229 1337 2284 Chrysippi
1358 2231 1563 2273 rationem
1573 2230 1684 2281 quod

223 2321 275 2351 ex
296 2312 372 2352 hac
395 2311 558 2351 demum
575 2312 742 2361 singula
763 2312 895 2352 officia
916 2312 1095 2352 derivari
1118 2314 1318 2362 possunt,
1353 2311 1460 2362 quod
1484 2311 1534 2350 de
1553 2308 1696 2351 altera

222 2400 300 2440 qua
324 2391 366 2430 in
388 2391 587 2431 universa
611 2391 858 2432 consistitur
882 2392 981 2441 jure
1013 2391 1183 2441 negavit
1205 2388 1395 2431 Ritterus
1414 2387 1490 2440 111,
1516 2400 1557 2441 p.
1581 2386 1682 2440 618,

221 2467 306 2509 620
326 2472 367 2509 et
388 2470 608 2520 praecipue
629 2481 669 2520 p.
694 2468 795 2511 623.
847 2469 958 2511 Nam
991 2467 1140 2520 κοινὸς
1168 2471 1240 2510 ille
1271 2469 1401 2526 λόγος
1430 2470 1520 2509 sive
1539 2458 1687 2521 ’νόμος

224 2549 301 2589 etsi
325 2549 364 2589 in
387 2549 630 2590 universum
663 2551 898 2591 hominibus
925 2561 1000 2601 pro
1021 2551 1232 2592 actionum
1256 2560 1400 2592 norma
1420 2548 1682 2600 proponitur,

220 2638 367 2679 reapse
389 2638 562 2669 necesse
584 2631 649 2669 est
680 2631 815 2680 magis
845 2631 1054 2671 sentiatur
1085 2633 1284 2681 tanquam
1306 2628 1539 2670 necessitas
1560 2636 1685 2677 quae-

222 2708 313 2746 dam
343 2707 509 2756 satalis,
554 2709 621 2747 cui
663 2718 709 2747 se
739 2709 888 2750 dedere
921 2711 1120 2760 obsequio
1160 2709 1296 2759 magis
1336 2708 1522 2758 patiente
1560 2714 1685 2756 quam

222 2788 372 2835 agente
393 2787 593 2837 sapientis
614 2787 694 2838 sit,
728 2788 887 2837 grande
918 2799 1012 2830 cum
1036 2786 1197 2831 Seneca
1227 2787 1439 2829 censentis
1461 2786 1681 2827 solatium:
