1893 3155
732 189 869 203 -—-—.-
944 160 1030 207 47*
1079 187 1214 194 ---

242 271 472 337 seq‘uamur
500 282 602 324 talia
631 293 726 324 esse
746 282 895 325 debere
922 286 970 324 ut
998 292 1073 334 pro
1094 281 1385 324 communibus
1412 268 1579 331 legibus
1593 283 1705 328 ‘esse

243 346 409 417 ‘possint
436 342 754 417 praecipientis,
798 363 907 404 scire
934 357 1084 412 velim,
1118 363 1185 403 cui
1218 363 1383 404 tandem
1413 369 1464 401 ea
1496 359 1704 401 formulae

244 424 413 493 Stoicae
443 441 733 491 interpretatio
761 443 811 482 inr
835 444 1017 482 mentem
1048 442 1191 482 venire
1218 420 1415 491 potuerit.
1467 439 1579 491 Apte
1599 449 1702 480 vero

242 519 352 561 idem
374 520 667 561 conferendam
688 531 781 562 esse
802 522 1015 562 admonuit
1034 530 1126 561 eam
1147 520 1445 571 definitionem,
1469 530 1551 570 qua
1569 517 1703 561 Stoici

244 598 429 655 animum
452 599 637 639 dixerint
666 609 760 640 esse
782 600 938 640 sontem
960 600 1072 639 vitae
1094 599 1404 649 transigendae,
1436 609 1489 638 ex
1512 608 1594 648 quo
1615 598 1701 638 sin-

243 677 370 728 gulae
400 677 585 718 actiones
616 678 846 730 profluant3
879 688 985 728 quae
1016 681 1081 718 est
1108 678 1216 727 apud
1247 675 1363 719 Stob.
1398 688 1438 728 p.
1464 675 1543 719 36:
1585 669 1703 734 ἦθός

245 753 339 799 ἐστι
358 752 476 814 πηγὴ
496 752 598 811 βίου
621 752 699 815 ἀφ’
721 749 774 815 ἧς
794 752 841 799 αἱ
863 753 976 798 κατὰ
996 753 1132 813 μέρος
1150 753 1337 813 πράξεις
1356 754 1527 815 ῥέουσι·
1549 757 1701 807 quippe

194 840 197 842 ’
244 845 373 886 quum
394 846 448 876 ex
477 824 618 877 eodem
656 837 771 878 sonte
799 837 1021 877 continuae
1049 830 1243 886 manant,
1277 839 1365 877 tum
1398 837 1469 877 fiet
1498 839 1547 877 ut
1573 846 1701 877 unam

244 916 287 954 et
323 915 653 955 consentientem
687 916 866 965 speciem
904 916 1154 965 exprimant.
1207 912 1301 955 Jam
1330 915 1409 954 hoc
1436 918 1703 966 praeceptum

242 993 399 1034 videsis
428 994 554 1034 etiam
585 1004 608 1034 a
632 991 787 1035 Stoicis
816 994 858 1033 in
880 994 1149 1042 universum,
1185 1003 1311 1042 quum
1332 994 1375 1033 in
1397 1002 1524 1033 unam
1545 996 1703 1033 sectam

242 1062 673 1124 comprehenduntur,
709 1082 791 1113 non
813 1072 950 1113 solum
971 1072 1082 1113 inter
1101 1074 1242 1112 cetera
1263 1074 1485 1122 praecepta
1506 1072 1614 1113 tradi
1630 1071 1703 1112 sed

241 1151 397 1191 diserte
424 1161 499 1201 pro
530 1153 664 1201 primo
684 1162 734 1191 ac
755 1161 917 1192 summo
937 1152 1048 1200 poni.
1100 1149 1331 1191 Maximum
1360 1152 1438 1191 hoc
1458 1152 1567 1201 quod
1590 1161 1702 1192 com-

244 1231 425 1271 muniter
454 1232 581 1272 etiam
610 1232 654 1272 in
691 1231 874 1282 perfecta
901 1232 991 1281 jam
1022 1226 1248 1281 Chrysippi
1288 1231 1482 1271 acumine
1511 1231 1701 1272 doctrina

242 1310 365 1350 finem
388 1313 548 1360 ponunt
567 1311 612 1350 in
635 1305 853 1366 ὁμολογίᾳ
875 1310 965 1349 sive
979 1310 1286 1359 convenientia,
1311 1319 1417 1359 quae
1437 1310 1541 1350 illud
1563 1310 1703 1360 ipsum

243 1384 608 1445 ὁμολογουμένως
637 1389 711 1446 ζῆν
743 1399 827 1430 uno
848 1389 1051 1429 vocabulo
1081 1389 1386 1439 complectitur.
1432 1386 1523 1430 Cic.
1549 1390 1600 1430 de
1626 1391 1699 1431 nn.

241 1465 320 1519 111,
343 1467 387 1519 6,
411 1468 492 1510 21:
527 1469 673 1519 „quod
705 1468 949 1523 (summum)
983 1478 1111 1518 quum
1137 1468 1326 1518 positum
1356 1468 1412 1508 sit
1438 1468 1483 1508 in
1514 1477 1564 1508 eo
1594 1467 1706 1517 quod

241 1542 486 1604 ὁμολογίαν
507 1545 663 1599 Stoici,
696 1557 773 1589 nos
803 1547 1057 1598 appellemus
1087 1547 1420 1588 convenientiam
1451 1547 1489 1588 si
1512 1546 1704 1598 placet.“

240 1625 383 1669 Locus
404 1628 475 1678 qui
507 1630 572 1668 cst
592 1628 641 1668 de
671 1627 752 1668 line
778 1627 886 1667 idem
905 1627 1022 1668 ‘alias
1052 1627 1298 1668 inscribitur
1326 1624 1433 1683 περὶ
1462 1621 1706 1682 ὁμολογίας

242 1708 304 1759 (v.
329 1706 375 1746 11.
412 1707 454 1746 ll.
491 1717 515 1745 a
544 1704 790 1746 Petersenio
817 1716 858 1755 p.
892 1705 1012 1758 274):
1060 1704 1188 1755 Diog.
1222 1703 1366 1745 Laert.
1390 1704 1469 1746 89:
1515 1703 1561 1746 ἓν
1591 1700 1704 1761 αὐτῇ

239 1799 288 1827 τε
326 1785 408 1842 (τῇ
437 1786 586 1842 ψυχῇ)
624 1777 740 1826 εἶναι
769 1779 845 1841 τὴν
880 1777 1170 1837 εὐδαιμονίαν
1210 1779 1289 1826 ἅτε
1323 1776 1431 1841 οῗίσῃ
1467 1784 1591 1841 ψυχῇ
1618 1797 1703 1825 πε-

241 1860 459 1921 ποιημένῃ
491 1849 607 1921 πρὸς
635 1859 711 1920 τὴν
744 1858 987 1919 ὁμολογίαν
1018 1859 1188 1913 παντὸς
1207 1865 1289 1906 τοῦ
1316 1859 1433 1918 βίου.
1492 1860 1700 1905 stobaeus

240 1955 282 1995 p‘.
306 1941 392 1986 136
411 1953 540 1995 quum
568 1943 696 1984 tradit
725 1939 776 1985 τὸ
797 1939 925 1993 τέλος
954 1943 1097 1985 valere
1124 1940 1176 1986 τὸ
1205 1939 1379 1986 τελικὸν
1400 1937 1596 2000 ἀγαθόν,
1627 1938 1703 1996 ὥς,

240 2024 392 2074 inquit,
425 2020 502 2080 τὴν
523 2018 767 2078 ὁμολογίαν
786 2019 964 2077 λέγουσι
984 2020 1113 2072 τέλος
1133 2016 1263 2075 εἶναι,
1295 2023 1443 2064 deinde
1462 2023 1571 2063 idem
1593 2023 1704 2073 quod

239 2103 405 2154 proprie
447 2097 617 2151 σκοπὸς
645 2101 828 2151 dicatur,
873 2092 971 2142 οἷον
1000 2097 1077 2142 τὸν
1107 2096 1464 2157 ὁμολογούμενον
1491 2097 1616 2156 βίον,
1660 2103 1704 2144 in

240 2190 290 2221 eo
309 2181 419 2221 idem
439 2181 540 2221 illud
563 2175 928 2236 ὁμολογουμένως
949 2180 1023 2236 ζῆν
1054 2180 1232 2230 primum
1256 2183 1304 2220 ut
1324 2181 1450 2229 actio,
1486 2181 1635 2221 deinde
1657 2185 1704 2221 ut

239 2253 485 2308 habitus—
504 2260 564 2300 ita
594 2241 706 2299 enim
739 2259 775 2299 si
803 2260 869 2299 est
889 2259 1114 2299 discrimen
1143 2255 1270 2307 τέλος
1299 2261 1341 2298 et
1362 2255 1533 2308 σκοπὸς
1552 2260 1701 2301 discri-

240 2339 454 2380 minantur
493 2341 561 2393 (v.
606 2341 749 2378 annot.
781 2336 959 2378 Heeren.
993 2337 1066 2391 d.)
1101 2362 1158 2368 -—
1193 2347 1268 2387 pro
1309 2346 1473 2377 summo
1511 2339 1698 2388 ponitur.

239 2416 377 2461 Selem
407 2428 448 2469 p.
482 2415 589 2459 138:
631 2418 764 2458 τοῦτο
803 2413 853 2458 δὲ
889 2413 968 2471 (τὸ
998 2413 1149 2469 τέλος)
1184 2412 1402 2473 ὑπάρχειν
1434 2413 1480 2459 ἐν
1509 2419 1574 2473 τῷ
1602 2412 1699 2459 κατ’

240 2493 410 2556 ἀρετὴν
425 2497 522 2555 ζῆν,
565 2493 611 2538 ἐν
638 2490 1095 2552 τῷὸμολογουμένως
1131 2495 1227 2553 ζῆν,
1271 2491 1338 2538 ἔτι
1375 2490 1542 2538 ταύτοῦ
1573 2490 1701 2547 ὄντος

239 2579 311 2635 ςΙι.
343 2589 381 2619 e.
415 2577 522 2629 quod
561 2577 668 2617 idem
702 2578 767 2615 est
795 2601 847 2605 —
877 2585 930 2616 ex
958 2569 1120 2615 emen'd.
1150 2574 1364 2631 Heeren.)
1401 2573 1446 2618 ἐν
1481 2577 1548 2632 τῷ
1584 2574 1700 2618 κατὰ

239 2654 375 2716 φύσιν
396 2658 482 2715 ζῆν,
505 2666 611 2707 eam,
643 2655 694 2696 de
713 2664 793 2705 qua
816 2664 925 2695 nunc
947 2654 1126 2705 agimus,
1153 2655 1376 2696 formulam
1400 2655 1575 2696 mediam
1598 2656 1702 2698 facit

1387 2722 1413 2764 2
