1893 3155
338 333 457 374 Hanc
477 335 527 374 ad
550 336 852 384 expositionem
873 335 1064 385 princeps
1086 337 1128 374 et
1154 343 1317 374 summa
1338 344 1385 374 se
1406 333 1683 374 conservandi

222 422 324 454 cura
344 414 434 455 sive
453 410 479 472 ἡ
501 410 653 472 πρώτη
675 394 802 473 ὁρμή,
824 414 1021 466 appetitio
1042 414 1191 464 prima,
1216 424 1297 454 non
1318 414 1455 455 solum
1473 414 1618 455 innata
1639 413 1681 454 in

222 492 400 533 hominis
421 495 558 535 animo
581 496 775 546 babetur,
810 496 880 535 sed
903 496 1298 545 ipsumsupremum
1320 495 1497 536 officium
1520 494 1679 536 consti-

221 573 327 624 tuitz,
360 575 467 623 quod
489 575 598 614 enim
627 575 936 616 demonstratur
966 574 1193 615 secundum
1223 575 1425 615 rationem
1452 558 1677 616 vivendum

204 662 315 718 ''esse
344 653 383 693 id
426 664 478 693 ex
508 655 694 704 ampliori
737 655 808 695 illa
846 665 947 695 cura
979 664 1053 705 per
1082 654 1219 694 omnia
1260 657 1463 704 regnante
1495 655 1674 695 ducitur.

221 729 393 773 Scilicet
412 714 482 773 illa
505 730 657 791 πρώτη
680 730 791 792 ὁρμὴ
813 735 862 775 ad
886 734 1079 775 tuendam
1102 743 1209 784 quae
1230 734 1381 784 cuique
1402 736 1577 775 naturae
1597 743 1675 775 sua

219 821 268 852 ac
297 814 462 862 propria
483 815 575 854 data
610 816 666 855 sit
686 812 896 856 σύστασιν
917 817 1098 865 spectat3
1131 815 1244 863 atqui
1274 815 1478 855 humanae
1510 811 1673 856 συστά-

219 904 331 941 σεως
350 892 572 943 peculiaris
601 881 857 942 praestantia
887 894 1049 934 ratione
1079 894 1342 945 continetur3
1375 903 1476 944 ergo
1498 894 1673 935 rationis

218 971 474 1021 principatus
496 981 548 1010 ex
579 973 668 1021 ipsa
696 972 769 1011 illa
799 968 913 1028 ὁρμῇ
933 982 1039 1021 quae
1068 973 1200 1021 prima
1231 973 1400 1021 ponitur
1421 974 1537 1021 sequi
1560 973 1673 1012 vide·

217 1054 302 1093 tur.
368 1048 449 1092 Sed
488 1051 639 1101 statim⁴
659 1052 970 1101 ambiguitatem
1002 1052 1206 1100 quandam
1238 1052 1274 1090 ei
1311 1051 1567 1112 conclusioni
1598 1052 1673 1091 im-

217 1130 385 1171 misceri
416 1133 586 1182 apparet
607 1140 731 1180 quum
755 1133 897 1180 postea
920 1130 1061 1170 eadem
1093 1125 1205 1187 ὁρμὴ
1227 1131 1434 1171 humiliori
1457 1140 1584 1171 sensu
1606 1141 1673 1171 ac-

217 1210 369 1259 cipitur
388 1210 467 1249 hoc
488 1213 553 1249 est
583 1220 631 1248 eo
653 1220 733 1258 quo
755 1220 843 1249 eam
866 1219 971 1258 quae
1001 1210 1165 1258 proprie
1198 1210 1350 1249 dicitur
1379 1212 1670 1260 appetitionem

216 1289 427 1339 significat
441 1298 548 1339 quae
569 1289 803 1329 bominibus
819 1299 911 1328 cum
936 1290 1068 1329 brutis
1086 1282 1334 1329 animalibus
1357 1291 1589 1330 communis
1606 1293 1672 1330 est

216 1368 430 1417 ipsamque
459 1367 718 1407 humiliorem
748 1370 797 1406 ut
825 1368 884 1406 ita
912 1368 1043 1407 dicam
1075 1370 1250 1406 naturae
1277 1368 1481 1408 humanae
1511 1371 1669 1418 partem

216 1446 449 1487 constituit.
510 1443 797 1487 Nihilominus
834 1448 996 1487 tantum
1029 1447 1174 1497 negari
1215 1446 1359 1496 nequit
1389 1448 1671 1498 duplicitatem

214 1526 326 1567 illam
356 1528 532 1567 naturae
561 1526 767 1567 humanae
789 1536 870 1577 qua
900 1527 1041 1567 eadem
1074 1527 1367 1577 appetitionem
1399 1529 1442 1566 et
1467 1526 1672 1566 rationem

215 1607 504 1657 complectitur
544 1607 763 1647 admodum
804 1607 953 1647 leviter
981 1607 1048 1646 bic
1078 1607 1244 1657 efferri3
1288 1607 1436 1657 quippe
1477 1606 1672 1656 appetitio

214 1687 428 1728 materiam
450 1686 660 1726 actionum
692 1696 854 1726 omnem
875 1687 1068 1736 praehet,
1104 1686 1210 1726 ratio
1232 1696 1321 1725 eam
1353 1685 1567 1725 materiam
1588 1684 1671 1725 dis-

169 1760 179 1773 *
212 1767 352 1816 ponit,
384 1765 573 1814 ordinat,
608 1765 761 1804 format
789 1768 965 1815 apteque
995 1766 1149 1805 artifex
1180 1765 1476 1814 appetitionum
1499 1764 1666 1814 dicitur,

212 1848 258 1886 ut
278 1854 404 1896 prope
425 1844 693 1884 aestheticam
715 1845 921 1895 quandam
942 1855 1064 1894 quam
1099 1845 1348 1885 nostratium
1380 1844 1569 1884 nonnulli
1597 1853 1668 1894 ap-

210 1925 421 1975 pellarunt
441 1924 702 1964 honestatem
722 1925 902 1974 praecipi
924 1927 1059 1974 putes.
1112 1922 1243 1964 Paulo
1272 1924 1433 1963 variata
1462 1923 1670 1963 sententia

213 2006 422 2055 missaque
452 2015 575 2054 quam
604 2005 841 2044 notavimus
872 2005 1144 2054 ambiguitate
1169 2005 1239 2044 alii
1268 2007 1463 2044 auctores
1494 2013 1582 2044 rem
1612 2003 1669 2043 ita

211 2064 455 2135 informant,
480 2087 528 2125 ut
548 2083 878 2123 conservationis
900 2083 1083 2123 studium
1105 2086 1267 2124 tantum
1284 2084 1332 2123 ad
1352 2083 1539 2133 corporis
1560 2092 1669 2123 com-

211 2165 332 2205 moda
364 2167 406 2204 et
436 2164 485 2203 ad
517 2163 802 2212 imperfectam
832 2162 1011 2202 hominis
1042 2165 1220 2202 aetatem
1249 2163 1483 2212 pertinere,
1522 2165 1667 2212 postea

210 2252 310 2284 vero
331 2251 458 2293 quum
490 2241 717 2282 adoleverit
746 2242 941 2290 tanquam
964 2250 1072 2280 nova
1101 2243 1143 2280 et
1179 2241 1301 2280 unice
1321 2249 1422 2281 vera
1452 2240 1579 2281 animi
1602 2241 1666 2281 vis

151 2330 153 2333 ’
209 2326 252 2363 et
270 2325 456 2373 potestas
477 2322 585 2362 ratio
607 2331 781 2371 surgere
802 2321 963 2370 sibique
984 2320 1199 2369 imperium
1222 2320 1430 2381 actionum
1451 2320 1667 2361 vindicare

210 2402 430 2452 cogitetur.
486 2399 550 2440 Eo
572 2400 697 2440 simul
719 2400 938 2449 duplicitas
960 2399 1257 2448 appetitionum
1279 2401 1320 2438 et
1342 2399 1517 2439 rationis
1539 2408 1666 2449 prope

210 2480 441 2522 discordiae
471 2480 647 2529 speciem
677 2479 947 2518 nanciscitur.
1010 2477 1130 2527 Apud
1161 2476 1340 2518 Gellium
1374 2478 1402 2517 l.
1432 2478 1461 2518 l.
1494 2477 1664 2519 Taurus

209 2563 298 2612 ipse
320 2559 473 2602 Stoicis
494 2569 575 2599 non
604 2558 837 2598 assentiens
868 2558 940 2597 sed
970 2567 1114 2597 eorum
1144 2558 1394 2597 sententiam
1422 2536 1659 2618 exponens:

213 2634 430 2694 ‚‚Natura‚
455 2639 605 2690 inquit,
629 2638 811 2679 omnium
833 2646 972 2678 rerum
995 2646 1102 2687 quac
1122 2646 1199 2677 nos
1220 2637 1369 2687 genuit
1388 2637 1523 2678 induit
1543 2637 1664 2678 nobis

210 2722 465 2773 inolevitque
493 2720 536 2760 in
557 2720 658 2769 ipsis
690 2718 828 2759 statim
859 2717 1072 2767 principiis
1094 2718 1243 2766 quibus
1274 2718 1359 2758 nati
1382 2726 1528 2758 sumus
1550 2727 1665 2758 amo-
