1893 3155
708 213 838 258 '.—”‘.
893 183 1008 257 ⁴:st
1053 214 1186 220 ..n-

214 308 315 356 ante
351 323 476 365 quam
514 303 706 360 voluptas
737 311 811 363 aut
850 309 969 350 dolor
1008 309 1202 360 attigerit
1241 310 1444 352 salutaria
1485 313 1684 361 appetant

214 370 333 446 parvi
373 392 732 442 aspernenturque
773 390 1052 441 contraria,“
1101 400 1151 430 eo
1191 390 1366 431 effertur
1405 391 1513 441 quod
1556 401 1683 442 supra

215 470 643 514 Schleiermacberum
674 471 790 510 recte
818 469 957 510 dicere
987 470 1249 521 audivimuS‚
1284 471 1462 529 bominis
1490 474 1681 513 naturam
1743 453 1745 455 ⁵

190 544 353 609 'statim
376 560 400 590 a
422 549 626 600 principio
648 552 863 590 actuosam
886 560 1003 601 esse,
1038 560 1121 590 non
1143 550 1371 601 voluptatis
1392 554 1680 602 appetentem3

213 632 260 671 ut
279 639 411 680 paene
432 639 456 669 e
477 629 689 680 superfluo
722 630 901 670 addatur
921 633 958 680 §-
988 628 1064 670 17:
1105 627 1190 679 „In
1211 631 1427 681 principiis
1449 632 1588 671 autem
1609 640 1681 671 na·

212 709 419 751 turalibus
449 702 641 759 plerique
660 706 792 750 Stoici
826 719 909 749 non
941 711 1093 759 putant
1123 710 1377 759 voluptatem
1412 720 1506 750 esse
1527 719 1680 761 ponen-

213 789 360 830 dam.“
413 786 528 829 Haec
560 789 775 839 attingunt
805 789 1060 830 severiorem
1092 791 1134 829 et
1174 789 1381 830 mitiorem
1422 790 1533 830 inter
1566 789 1682 840 ipsos

213 866 379 910 Stoicos
419 872 599 917 sectam,
643 852 821 918 ‚quarum
852 868 1093 909 discrimina
1135 878 1209 919 per
1248 871 1378 909 totam
1418 868 1680 919 disciplinam

213 949 507 991 observantur.
563 947 799 991 Severioris
820 952 1022 1000 patronus
1045 947 1272 991 Cleanthes
1303 949 1534 991 secundum
1556 946 1676 991 Sext.

213 1027 376 1080 Empir.
396 1029 491 1070 adv.
507 1029 704 1069 matbem.
718 1027 796 1078 ΧῙ,
810 1029 865 1070 73
882 1030 1137 1080 voluptatem
1160 1030 1419 1070 asseveravit
1437 1025 1548 1086 μήτε
1567 1025 1682 1070 κατὰ

217 1105 351 1166 φύσιν
381 1102 496 1150 εἶναι
526 1106 638 1165 μήτε
666 1104 798 1159 ἀξίαν
829 1106 874 1149 ἐν
903 1111 969 1163 τῷ
987 1105 1088 1163 βίῳ.
1139 1107 1270 1149 Porro
1301 1109 1408 1158 apud
1433 1106 1679 1149 Ciceronem

214 1188 325 1228 inter
345 1197 392 1227 ea
416 1197 522 1237 quae
544 1190 694 1228 natura
724 1188 856 1237 prima
878 1187 1171 1227 adsciscantur
1200 1188 1447 1228 reseruntur
1475 1190 1518 1227 et
1539 1196 1678 1228 rerum

214 1268 475 1318 cognitiones
507 1270 550 1308 ct
580 1270 693 1307 artes
724 1267 873 1317 quippe
895 1266 999 1317 quas
1029 1269 1230 1316 utrasque
1258 1267 1534 1307 assumendas
1564 1269 1681 1318 pute-

216 1357 308 1389 mus
340 1349 502 1388 etiamsi
534 1349 669 1388 nostri
699 1348 802 1388 nihil
831 1347 1021 1397 intersit3
1066 1347 1168 1387 nihil
1198 1351 1336 1388 autem
1370 1348 1505 1398 magis
1534 1350 1679 1388 contra

217 1431 410 1469 naturam
441 1438 534 1468 esse
565 1437 688 1478 quam
718 1428 865 1467 salsam
897 1427 1200 1467 assensionem.
1254 1425 1318 1468 Ita
1347 1428 1478 1468 etiam
1505 1428 1608 1469 recti
1631 1429 1681 1483 ‘et

219 1507 317 1548 falsi
346 1508 655 1548 distinctionem
695 1516 720 1546 a
748 1506 963 1556 principiis
995 1509 1171 1547 naturae
1202 1507 1467 1554 derivarunt,
1513 1507 1681 1547 adducti

217 1587 451 1628 rationibus
481 1587 630 1637 logicis
652 1596 780 1636 quum
802 1586 1088 1636 cognitionum
1110 1587 1273 1637 origine
1293 1587 1343 1626 ad
1375 1596 1444 1626 res
1465 1587 1506 1626 in
1529 1587 1680 1626 animis

217 1677 262 1706 se
284 1667 568 1717 imprimentes
598 1666 729 1706 relata
753 1666 802 1705 de
823 1675 967 1705 norma
989 1667 1078 1706 veri
1108 1668 1150 1706 ct
1173 1666 1266 1706 salsi
1295 1666 1545 1706 invenienda
1567 1647 1680 1706 labo-

216 1748 382 1796 rarent3
418 1755 500 1796 qua
521 1746 571 1786 de
589 1754 638 1786 re
659 1746 782 1786 laudo
803 1743 1015 1787 Ritterum
1038 1743 1111 1796 ΙΙΙ,
1137 1756 1177 1796 p.
1202 1744 1289 1788 540
1310 1755 1403 1795 squ.

328 1823 476 1875 Itaque
507 1835 614 1875 quae
644 1828 716 1865 aut
752 1826 840 1875 ipsa
873 1826 1103 1866 secundum
1135 1828 1328 1865 naturam
1363 1826 1463 1864 sunt
1493 1826 1565 1863 aut
1595 1820 1681 1864 'tale

215 1905 313 1955 quid
335 1905 522 1945 efficiant
541 1904 648 1954 quod
671 1905 896 1945 selectione
917 1906 1089 1954 dignum
1123 1906 1180 1945 sit
1201 1906 1278 1944 hoc
1299 1908 1364 1944 est
1384 1904 1679 1944 conservantia

217 1986 355 2025 status
375 1983 547 2024 humani
568 1983 846 2023 aestimabilia
867 1984 957 2024 sive
979 1978 1109 2035 ἀξίαν
1128 1984 1322 2024 habentia
1342 1982 1555 2034 dicuntur,
1580 1992 1679 2023 con-

216 2063 348 2104 traria
377 2063 696 2103 inaestimabilia
728 2073 763 2102 s.
790 2057 951 2114 ἀνάξια
981 2064 1027 2115 (l.
1053 2063 1081 2103 l.
1107 2073 1144 2102 c.
1169 2060 1212 2113 6,
1238 2066 1273 2113 ς,
1301 2059 1505 2113 19-20).
1559 2059 1679 2112 ,,Ιηί-

215 2143 289 2183 tiis
318 2143 450 2193 igitur
477 2143 535 2183 ita
566 2143 807 2183 constitutis
838 2146 884 2183 ut
905 2154 954 2183 ea
976 2153 1082 2193 quae
1113 2143 1341 2183 secundum
1364 2144 1557 2183 naturam
1579 2144 1680 2183 sunt

215 2223 304 2272 ipsa
333 2225 500 2272 propter
527 2233 572 2262 se
601 2223 801 2263 sumenda
840 2224 926 2263 sint
954 2223 1250 2272 contrariaque
1289 2223 1389 2262 item
1430 2222 1673 2272 rejicienda,

212 2302 388 2351 primum
420 2305 485 2343 est
506 2302 688 2343 officium
723 2303 781 2353 (id
805 2303 913 2343 enim
938 2302 1099 2352 appello
1121 2304 1341 2359 καθῆκον)
1372 2304 1419 2341 ut
1440 2312 1485 2342 se
1507 2303 1684 2342 conser-

210 2383 280 2421 vet
301 2381 458 2437 (homo)
479 2382 520 2423 in
544 2384 720 2423 naturae
741 2384 854 2422 statu
878 2382 1070 2433 deinceps
1100 2385 1147 2423 ut
1167 2392 1216 2422 ea
1239 2384 1379 2422 teneat
1400 2391 1506 2441 quae
1527 2391 1676 2422 secun-

211 2461 307 2502 dum
328 2465 520 2503 naturam
544 2463 629 2503 sint
648 2463 858 2513 pellatque
879 2464 1106 2504 contraria.
1142 2461 1237 2517 Qua
1257 2463 1429 2504 inventa
1450 2462 1676 2502 selectione

210 2543 252 2580 et
290 2541 389 2581 item
429 2542 658 2591 rejectione
698 2543 890 2592 sequitur
931 2543 1125 2594 deinceps
1165 2552 1261 2584 cum
1302 2542 1440 2582 officio
1481 2540 1670 2588 selectio,

208 2619 355 2659 deinde
385 2630 433 2660 ea
474 2623 699 2671 perpetua,
743 2624 830 2661 tum
864 2623 912 2662 ad
945 2625 1180 2663 extremum
1210 2623 1411 2661 constans
1452 2621 1672 2659 consenta-

210 2706 368 2747 neaque
396 2702 599 2751 naturae3
641 2702 683 2741 in
716 2711 797 2750 qua
831 2703 1007 2750 primum
1048 2704 1190 2743 inesse
1229 2700 1377 2751 incipit
1406 2701 1448 2741 et
1488 2698 1671 2749 intelligi
